2632 3469
353 472 521 518 remota,
548 458 736 510 ιαιιοιιιιιι
745 457 936 509 mmm
962 464 990 508 a*
1012 466 1265 542 turpitudinis
1297 467 1489 520 mugio
1514 465 1566 507 'ad
1595 466 1797 508 amicitiae
1824 467 2027 510 'vocabula
2061 465 2245 521 revocet·
2284 473 2392 516 iden

352 523 526 594 denique
553 531 776 588 q'u'o‘taudo
773 532 1010 574 Platonem
1018 524 1253 586 impugnari
1274 531 1452 590 potuisse
1476 531 1585 572 velit
1580 542 1643 573 a
1650 531 1953 586 Xenophonte
1942 542 1980 575 ιιι
2008 547 2073 576 ea
2085 547 2221 586 causa,
2247 537 2287 579 in
2313 552 2392 592 qua

349 596 486 638 modo
512 599 760 651 utrumque
756 592 1015 637 consentire
1029 597 1314 648 argait⁷(·!!),'¹
1319 595 1513 655 indeque
1546 603 1844 649 argumentum
1858 604 2000 650 petat,
2040 608 2125 652 quo
2154 595 2265 643 illum
2297 603 2391 644 huic

309 671 317 678 ·
350 660 550 739 ignotum
560 660 683 702 fuisse
711 653 891 716 colligat,
919 658 1109 714 equidem
1132 660 1323 701 ’vicissim
1336 667 1500 714 prorsus
1526 667 1605 702 non
1626 669 1838 711 assequor.
1864 663 1957 712 (ιιι
1966 666 1988 716 )
2015 687 2067 695 -.

555 719 731 787 Eadem
742 725 821 766 ista
855 725 1042 778 iniquitas
1067 725 1168 765 'rua
1203 725 1383 765 cernitur
1416 725 1455 764 in
1486 739 1557 775 eo,
1584 725 1707 777 qnod
1739 739 1777 778 p.
1814 726 1894 766 vn
1931 727 2030 769 dicis
2062 743 2131 769 me
2164 729 2285 770 etiam
2320 744 2390 771 eas

349 804 490 849 causas
517 801 684 843 negare,
713 804 814 843 quas
838 789 1153 843 Xenophontem
1173 788 1346 830 movisse
1378 788 1535 838 dixeris,
1569 795 1614 830 ut
1641 789 1851 830 Platonico
1872 792 2091 846 Symposio
2124 807 2241 834 suum
2267 807 2391 847 oppo-

347 844 481 905 neret,
511 854 700 909 adeoque
730 854 869 896 dicere
897 856 958 909 (p.
986 845 1058 908 ³29)
1091 866 1425 916 evpermconeum
1451 867 1538 895 esse
1563 860 1777 909 qit'oerere,
1816 855 1956 909 quibua
1986 871 2028 898 ιιι
2054 857 2171 899 rebvs
2199 858 2326 900 Plato
2349 860 2391 900 et

348 919 570 972 Xenophon
593 920 877 973 dracreparine.
928 918 1037 965 Quid
1065 917 1198 959 enim?
1225 918 1393 958 Istladne
1419 919 1486 958 're
1511 918 1605 959 inde
1625 926 1656 958 a
1679 932 1719 972 p.
1746 917 1818 958 IV.
1846 933 1976 972 usque
2002 921 2052 961 ad
2077 934 2116 975 p.
2147 923 2215 962 VI.
2242 924 2389 977 egisse,

346 984 395 1023 ut
417 975 673 1033 ostenderes,
696 984 804 1037 quid
830 982 1002 1024 moverit
1033 981 1361 1043 Xenophontem,
1401 989 1447 1022 ut
1481 983 1692 1023 Platonico
1725 983 1941 1060 Symposio
1978 998 2094 1025 suum
2133 988 2389 1039 opponeret?

345 1045 454 1087 Nihil
482 1046 637 1087 minus.
658 1048 804 1094 Quam
833 1038 1011 1101 piurimis
1036 1046 1284 1099 argumentis
1310 1045 1587 1087 demonstrare
1615 1046 1776 1087 volebas
1800 1070 1850 1078 --
1876 1047 2031 1088 scilicet
2054 1055 2099 1089 ut
2127 1063 2163 1102 p.
2185 1050 2256 1089 VI.
2279 1050 2387 1090 illico

344 1109 478 1151 omnia
505 1117 746 1152 retractares
779 1134 827 1142 -
856 1110 1068 1152 Platonem
1094 1123 1209 1150 suum
1236 1110 1493 1163 Symposium
1521 1111 1763 1164 opposuisse
1780 1111 2089 1185 Xenophonteo,
2117 1113 2237 1167 idque
2264 1127 2387 1167 quum

344 1174 430 1214 aliis
457 1188 507 1216 ex
533 1176 656 1216 rebus
685 1181 894 1229 apparere,
922 1180 1007 1214 tum
1033 1188 1084 1214 ex
1111 1183 1258 1227 magna
1281 1171 1449 1227 quadam
1470 1174 1740 1224 similitudine,
1758 1188 1878 1229 quam
1899 1175 1938 1215 ιιι
1957 1176 2183 1217 Pausaniae
2205 1178 2385 1218 oratione

345 1246 450 1292 quae
476 1245 538 1278 est
563 1238 677 1292 apud
700 1239 913 1279 Platonem
937 1244 983 1278 et
1003 1238 1187 1279 Socratis-
1205 1231 1485 1292 Xenophontei
1499 1239 1599 1280 Tibi
1622 1239 1826 1280 detexisse
1851 1239 2060 1280 videbaris.
2114 1242 2223 1281 Huic
2250 1249 2387 1282 autem

342 1303 500 1343 mediae
523 1303 766 1356 'expositioni
792 1302 1066 1351 similitudinis,
1094 1316 1198 1354 quae
1224 1302 1276 1341 sit
1302 1303 1406 1342 inter
1422 1304 1631 1344 'orationes
1654 1304 1877 1343 Pausaniae
1905 1305 2106 1344 Platonici
2134 1313 2177 1345 et
2203 1307 2385 1346 Socratis

342 1367 643 1421 Xenophontei,
662 1368 891 1408 inseruerns
903 1367 1064 1420 longam
1076 1366 1388 1420 disputationem
1404 1366 1456 1407 de
1470 1366 1789 1420 discrepantibus
1808 1369 2027 1417 sententiis,
2054 1383 2153 1423 quas
2169 1370 2385 1410 Platonem

339 1437 390 1471 et-
409 1424 726 1482 Xenophontem
746 1432 798 1471 de
826 1441 964 1472 amore
1001 1430 1187 1470 habuisse
1213 1438 1335 1482 quum
1363 1431 1669 1480 ex‘Conviviis,
1710 1438 1795 1471 tum
1829 1445 1878 1472 ex
1921 1433 2007 1472 aliis
2042 1429 2195 1473 eorum·
2223 1434 2384 1486 seriptis

340 1487 556 1536 constanti
595 1509 598 1520 ²
631 1496 752 1535 Hanc'
788 1495 1095 1548 disputationem
1130 1493 1496 1547 jnre2-meritoqoe
1543 1505 1883 1547 supervacaneam
1923 1495 2015 1537 dixi.
2080 1498 2229 1550 Neque
2277 1498 2384 1538 enim

339 1559 428 1599 Ιιοσ
452 1559 498 1598 Aa
508 1572 560 1599 co
589 1557 943 1599 demonstrandum
970 1552 1110 1606 fuisse,
1150 1557 1296 1611 quihus
1332 1557 1371 1599 in
1406 1558 1527 1598 rebus
1555 1557 1834 1611 discreparent
1860 1560 1981 1600 Plato
2008 1568 2052 1601 et
2078 1561 2306 1614 Xenophon
2330 1582 2386 1592 —-

339 1622 381 1662 id
407 1623 520 1664 eniam
539 1631 627 1663 non·
646 1623 784 1676 quaeri
810 1646 860 1652 —
886 1622 971 1662 sed·
987 1622 1208 1662 Pausanias
1234 1628 1277 1661 et
1303 1621 1530 1673 Xenophon
1557 1620 1654 1672 quid
1680 1635 1893 1663 commune
1921 1619 2127 1665 haberent.
2185 1626 2272 1665 Iam
2294 1625 2383 1678 quis

340 1691 403 1726 est
431 1685 528 1739 quin
561 1686 681 1727 facile
715 1686 848 1726 videat
879 1685 931 1726 ad
966 1685 1090 1725 verba
1120 1684 1168 1725 id
1203 1686 1305 1726 emin·
1337 1697 1419 1726 non
1449 1686 1657 1738 quaeritur
1690 1697 1748 1725 ex
1769 1699 1882 1727 versu
1919 1689 2099 1740 proxime
2127 1689 2383 1730 antecedenti

338 1755 473 1789 mente
497 1749 881 1802 subintelligendum
904 1756 993 1789 esse
1018 1750 1095 1788 Inoo
1120 1749 1242 1788 1000?
1274 1749 1419 1801 Itaque
1449 1760 1527 1788 non
1553 1747 1634 1787 dixi
1653 1749 1768 1787 istam
1790 1752 2066 1803 quaestionem
2078 1765 2161 1809 per
2180 1766 2228 1792 se
2243 1754 2382 1806 ipsam,

337 1815 410 1855 sed
436 1811 508 1854 hob
531 1816 628 1854 ioco
642 1822 979 1865 supervacaneam
1012 1824 1115 1852 esse.
1165 1812 1230 1852 En
1260 1821 1408 1852 novum
1441 1808 1701 1863 exemplum,-
1721 1813 1787 1853 'Pe
1822 1826 1944 1865 quum
1973 1826 2041 1864 ea,
2056 1827 2179 1868 'quae
2215 1818 2268 1856 de
2302 1831 2380 1858 una

339 1868 482 1932 aliqua
490 1889 565 1925 ·,re
603 1874 676 1916 dev·
685 1874 791 1915 falsa
807 1873 1040 1928 disputandi
1066 1874 1143 1915 via
1153 1888 1203 1915 ac
1223 1875 1412 1925 ratione,
1437 1874 1551 1915 dicta
1578 1881 1710 1924 erant,
1744 1876 1782 1916 in
1816 1877 2044 1918 universnm
2073 1880 2207 1919 valere
2237 1880 2376 1929 velles,

337 1941 573 1983 sententiam
600 1936 950 1987 mihizobimsisse‚
978 1938 1031 1979 de
1057 1952 1136 1992 qua
1158 1951 1361 1991 nunquam
1389 1940 1576 1993 cogitavi.
1595 1961 1645 1970 —-—
1684 1940 1861 1981 Deinde
1871 1951 1967 1982 vero
1992 1943 2024 1982 si
2052 1945 2281 1996 quaerimus
2307 1958 2381 1986 cur

337 2006 610 2058 discrepantes
635 2004 676 2044 in*
700 2004 776 2044 hac
801 2016 849 2043 re
876 2003 1057 2043 Platonis
1083 2017 1132 2043 ac
1159 2001 1436 2055 Xenophontis
1469 2004 1687 2043 sententias
1713 2007 1965 2056 exposueris,
1994 2007 2229 2047 dubitationi
2257 2010 2380 2048 obno-

335 2071 450 2112 xium'
470 2063 649 2117 nonest,
676 2067 821 2110 eodem
849 2066 914 2107 'l'e
942 2066 1107 2107 consilio
1132 2066 1211 2107 hoc
1238 2067 1435 2120 posuisse,
1473 2080 1553 2120 quo
1587 2067 1772 2107 universa
1805 2068 1881 2108 ista
1914 2070 1976 2122 (p.
2011 2071 2208 2123 Iv—vl)
2246 2072 2380 2126 dispu-

333 2127 721 2176 tattonvusma'm
744 2144 833 2172 esse
855 2143 974 2185 supra
996 2132 1092 2185 jam
1108 2131 1260 2180 monui,
1283 2136 1328 2171 ut
1348 2129 1589 2172 ‘ostenderes
1615 2132 1857 2179 „Platonem
1878 2132 2115 2178 convivium
2143 2149 2259 2176 suum
2279 2139 2378 2189 post

333 2197 877 2252 Xenophonten'scripsisse,
905 2205 1108 2250 quumque
1135 2207 1196 2244 ca,
1217 2206 1329 2248 ²quae
1364 2196 1398 2235 is
1423 2196 1633 2236 Socratem
1665 2195 1932 2248 disputantem
1967 2199 2134 2239 fecisset
2166 2213 2296 2254 neque
2323 2200 2375 2239 ad

332 2263 505 2304 divinam
531 2259 885 2303 amor-istnatar'am
911 2260 1114 2302 accedere
1139 2255 1483 2314 neque-'magistri
1509 2272 1718 2313 personam
1739 2262 1835 2301 satis
1857 2262 2085 2314 exprimere
2113 2263 2278 2312 videret,
2308 2263 2375 2304 illa

331 2328 383 2368 ad
415 2341 536 2367 unum
572 2340 595 2365 e
630 2325 803 2365 convivis
837 2324 1042 2373 retulisse,
1078 2325 1289 2364 Socratem
1323 2331 1458 2364 autem
1492 2325 1548 2364 ita
1581 2324 1843 2365 disserentem
1878 2325 2163 2375 introduxisse,
2203 2335 2247 2368 ut
2280 2328 2375 2367 licet

328 2391 439 2431 illum
467 2404 519 2429 ne
546 2390 671 2429 verbo
698 2388 859 2442 quidem
888 2394 1096 2439 tangeret,
1131 2401 1269 2427 omnes
1305 2394 1439 2428 tamen
1473 2387 1780 2441 ejusrargutiae
1808 2403 1904 2442 prae
1939 2389 2125 2429 coelestis
2153 2391 2371 2443 sapientiae

327 2454 542 2508 splendore
570 2454 900 2493 evanescerent‘f‘
954 2451 1017 2493 Ex
1049 2452 1308 2506 sequentibus
1338 2458 1472 2493 autem
1513 2464 1634 2504 quum
1675 2451 1813 2506 pateat
1853 2453 1918 2493 're
1962 2452 2201 2495 contrariam
2240 2454 2371 2508 potius

328 2518 565 2560 sententiam
592 2516 800 2570 amplecti,
834 2514 938 2557 hanc
969 2514 1194 2568 disputandi
1228 2515 1330 2556 viam
1363 2520 1406 2555 et
1438 2515 1563 2568 ipsam
1598 2514 1675 2554 levi
1698 2515 1870 2569 quadam
1895 2516 2183 2570 vituperatione
2204 2517 2371 2571 dignam

325 2582 536 2627 habebam,
564 2587 607 2622 et
627 2582 855 2624 etiamnunc
882 2579 1026 2619 multos
1051 2593 1141 2621 esse
1166 2579 1353 2631 arbitror,
1376 2579 1447 2633 qui
1473 2593 1631 2619 mecum
1658 2587 1887 2633 querantur,
1916 2581 2025 2634 quod
2053 2582 2178 2634 primo
2205 2581 2371 2634 quidem

325 2645 556 2687 deibnderis
590 2646 758 2698 aliquid,
790 2644 899 2698 quod
932 2650 1075 2696 postea
1101 2650 1342 2684 retractares
1377 2649 1419 2682 et
1445 2643 1695 2696 improbares
1722 2644 1783 2683 vel
1818 2645 2001 2685 maxime.
2052 2646 2163 2685 Nam·
2184 2647 2368 2697 profecto

326 2711 382 2752 ita
399 2709 681 2765 perspicuitati
715 2723 796 2750 non
831 2707 1071 2758 consulitur,
1106 2721 1240 2762 neque
1266 2721 1376 2763 nego
1409 2707 1604 2748 inclinare
1633 2707 1726 2748 mihi
1762 2708 1934 2750 animum
1969 2709 2019 2750 ad
2054 2709 2223 2750 eandem
2261 2710 2369 2751 illam

326 2775 608 2847 suspicionem,
638 2787 758 2828 quam
785 2785 915 2825 nuper
940 2772 978 2812 in
1007 2772 1201 2813 consimili
1231 2782 1351 2813 causa
1378 2771 1431 2812 de
1453 2772 1518 2812 Te
1545 2772 1668 2812 movit
1689 2771 1892 2812 Jahnius
1880 2787 1917 2813 ιιι
1947 2773 1999 2813 Ν.
2020 2773 2154 2813 Jahrb.
2177 2774 2201 2814 s.
2219 2773 2367 2814 Philoi.

325 2855 363 2879 ιι
390 2838 511 2880 Piida
540 2836 606 2878 're
632 2838 737 2877 inter
763 2836 1019 2877 scribendum
1046 2836 1179 2876 subito
1206 2830 1443 2876 sententiam
1472 2844 1647 2896 mutasse
1674 2842 1796 2889 atque
1825 2837 1863 2884 in
1890 2837 1966 2877 alia
1995 2838 2126 2877 omnia
2153 2839 2313 2889 abiisse.

526 2903 620 2953 Hae
647 2902 774 2955 igitur
804 2884 1138 2954 reprehensiones
1164 2899 1216 2941 ad
1249 2899 1375 2941 solam
1410 2900 1511 2948 viam
1539 2892 1588 2942 ac
1615 2899 1805 2952 rationem
1818 2900 2066 2953 disputandi
2094 2902 2367 2956 pertinebant·

322 2965 403 3014 Sed,
419 2963 766 3020 quodcuntendis
780 2964 992 3020 Socratem
1007 2963 1344 3018 Xenophontem
1367 2977 1444 3005 non
1466 2970 1513 3011 ut·
1525 2949 1780 3007 Platonicum
1808 2946 2175 3017 pulchritudinem
2165 2978 2204 3005 ιιι
2226 2978 2365 3008 amore

324 3031 481 3080 sectari,
510 3030 583 3071 sed
609 3029 703 3070 solis
734 3028 908 3068 moribus
938 3028 1171 3082 ingeniique
1195 3027 1355 3069 dotibus
1381 3028 1575 3071 intentum
1599 3032 1806 3072 externam
1822 3028 2002 3081 sormam
2030 3029 2362 3083 parvi-pendere,
