2632 3469
293 451 505 507 quuerei
532 461 629 492 sere
647 452 807 502 gestae-
820 445 956 491 nult-
979 444 1034 487 de
1052 458 1140 488 suo·
1159 444 1360 498 affingere
1375 444 1594 492 solutam,
1636 451 1729 485 eum
1756 450 1821 486 sat
1844 444 2033 486 habuisse
2058 459 2181 487 unam
2206 459 2343 488 narr·-

296 517 413 562 tio-i·
439 521 595 571 partem
622 512 738 556 alteri
761 511 997 566 simpliciter
1023 509 1277 563 adiungere,
1306 508 1476 563 ejusq'ae
1501 509 1562 549 rei
1586 508 1776 549 indicium
1805 509 2013 563 quoddam
2043 508 2177 551 3nesse
2203 512 2242 551 in
2270 512 2348 552 fre-

297 580 556 637 quentissimo
583 578 670 621 illo,
677 584 722 619 et
748 576 863 631 hujus
890 582 933 616 et
959 574 1144 616 similium
1172 573 1429 617 locutionum
1438 586 1541 616 usu.
1575 587 1664 614 nam
1693 588 1782 614 esse
1809 588 1879 614 ess
1914 582 2108 616 accurate
2131 577 2346 617 referentis

298 653 342 688 et
366 646 594 703 priusquam
616 641 673 683 aad
699 641 910 693 sequentia
944 638 1252 693 progrediatur
1257 637 1540 678 antecedentia
1564 639 1679 691 quasi
1712 638 2002 679 concludentis.
2030 661 2084 670 «-

499 709 590 751 ,iam
619 706 745 762 igitur
770 718 895 758 quum
919 718 990 752 ea,
1023 716 1130 756 quae
1155 715 1229 756 pro
1259 715 1350 752 mea
1374 701 1572 742 sententia
1596 701 1813 742 attuleram
1846 709 2101 756 argumenta,
2127 704 2224 744 satis
2250 701 2345 744 mihi

297 751 530 819 defendisse
558 768 708 818 videar,
736 766 1019 822 regrediamur
1043 765 1095 809 ad
1122 780 1170 808 ea
1197 764 1515 813 consideranda„
1530 765 1675 819 quibus
1688 765 1755 806 Tu
1778 766 2002 809 ostendere
2021 767 2189 815 conaris,
2218 767 2344 821 ipsam

298 851 398 882 rem
412 847 587 888 cogere,
623 840 669 873 ut
696 846 884 886 magnum
922 831 1136 874 multorum
1170 844 1363 872 annorum
1399 831 1571 883 spatium
1600 830 1703 870 inter
1731 831 2006 871 Memorabilia
2035 838 2078 871 et
2105 832 2344 873 Convivium

299 899 574 945 intercessisse
611 903 844 937 statuamus.
898 894 1029 948 Cujus
1069 894 1347 947 disputationis
1385 901 1627 934 summaeo
1661 894 1783 942 redit,
1816 900 1861 934 ut
1894 894 2089 935 internam
2132 896 2344 949 utriusque

300 962 441 1016 scripti
468 960 642 1007 indolem
669 966 712 1000 et
737 959 949 999 artificium
976 964 1063 1000 toto
1091 957 1212 998 coelo
1241 957 1442 997 diversum
1472 971 1571 997 esse⁴
1589 958 1821 1006 contendas,
1847 971 1969 1011 quum
1999 958 2236 999 Convivium
2263 972 2345 999 aon

300 1033 453 1073 tantum
479 1025 628 1065 ambitu
652 1031 694 1064 et
720 1023 973 1064 accuratiore
996 1021 1178 1075 ejusdem
1200 1021 1429 1073 argumenti
1452 1035 1525 1073 per
1546 1021 1669 1061 multa
1691 1022 1824 1073 capita
1847 1021 2097 1069 tractatione,
2125 1021 2198 1061 sed
2220 1022 2343 1061 etiam

301 1090 402 1138 miro
436 1087 610 1142 quodam
644 1093 687 1127 et
718 1098 877 1140 prorsus
910 1085 1104 1139 singulari
1138 1091 1282 1125 ornatu
1315 1090 1591 1138 externaeque
1625 1085 1778 1124 formae
1814 1083 2037 1136 lenociniis¹
2058 1085 2108 1123 ab
2144 1084 2238 1134 illis,
2272 1084 2343 1125 ubi

303 1153 436 1200 omnia
470 1151 667 1205 simplicia
695 1151 756 1191 vel
785 1151 904 1191 etiam
932 1149 1046 1190 rudia
1069 1150 1165 1197 sint,
1206 1162 1326 1203 quam
1354 1149 1525 1189 maxime
1551 1148 1724 1189 differat.
1776 1150 1892 1196 Quae
1924 1161 2168 1202 quemquam
2198 1148 2237 1189 in
2263 1149 2347 1189 uni·

303 1231 459 1258 versum
493 1223 607 1256 recte
642 1215 844 1268 disputata
876 1221 968 1255 suut
994 1217 1079 1265 ⁴2),
1123 1214 1276 1253 sontem
1309 1219 1460 1262 tamen,
1498 1227 1551 1253 ex
1578 1227 1659 1266 quo
1680 1212 2061 1261 ‘discrimen-istud
2084 1213 2210 1266 quod
2240 1214 2348 1254 iuter

304 1286 519 1333 utrumque
545 1279 736 1332 scriptum
770 1278 1030 1320 intercedere
1061 1277 1181 1318 facile
1208 1274 1304 1318 Tibi
1331 1277 1533 1325 concedo,
1574 1278 1838 1351 promanarit,
1872 1277 1921 1317 si.
1930 1276 2030 1331 quid
2064 1283 2178 1317 reete
2212 1277 2344 1329 video,

302 1357 383 1386 non
409 1343 613 1396 aperuisti.
659 1343 801 1383 causa
833 1343 940 1383 enim
974 1341 1135 1396 majoris
1168 1352 1271 1394 quae
1295 1341 1342 1381 in
1366 1341 1563 1381 Convivio
1598 1342 1815 1394 conspicua
1849 1347 1912 1381 est
1943 1341 2040 1381 artis
2075 1341 2233 1381 videtur
2263 1345 2345 1383 'non

304 1422 398 1449 esse
423 1405 694 1459 quaerenda'
683 1420 721 1446 ιιι
750 1406 936 1459 longiore
965 1405 1160 1457 temporis
1187 1405 1330 1457 spatio,
1357 1405 1467 1457 quod
1486 1406 1599 1445 inter
1624 1412 1841 1458 utrumque
1868 1405 2060 1457 scriptum
2087 1405 2345 1459 interjectum

305 1470 439 1519 suerit,
465 1470 549 1509 sive
576 1469 614 1509 in
643 1469 812 1544 ingenio
836 1469 1115 1522 Xenophontis
1141 1468 1333 1521 temporis
1361 1475 1578 1521 progressu
1607 1468 1657 1508 ad
1685 1468 1880 1522 majorem
1908 1468 1945 1508 in
1974 1467 2191 1508 scribendo
2217 1475 2347 1511 artem

306 1533 482 1582 exculto,
508 1532 580 1573 sed
608 1533 709 1573 inest
735 1533 774 1573 in
801 1533 887 1586 ipsa
913 1533 1106 1573 materiae
1134 1545 1253 1585 quam
1280 1532 1703 1584 tractavit-Xenophon
1726 1539 1872 1572 natura
1903 1538 2025 1585 atque
2052 1531 2200 1572 indole.
2239 1533 2348 1574 Cou-

306 1598 452 1642 vivium
491 1597 595 1637 enim
636 1598 837 1650 frequenti
878 1597 1131 1636 convivarum
1174 1595 1498 1650 congregatione
1541 1595 1812 1645 celebratum,
1852 1597 2121 1649 omnibusque
2155 1610 2261 1650 quae
2296 1612 2347 1639 ea

306 1667 442 1702 aetate
475 1661 645 1701 usitatae
679 1667 793 1701 erant
825 1659 978 1702 deliciis
1012 1667 1194 1701 ornatum
1227 1673 1351 1713 quum
1374 1658 1578 1711 scriptori,
1601 1673 1668 1700 res
1696 1659 1748 1700 ad
1781 1659 2093 1701 describendum
2120 1661 2349 1713 vpraeberet

306 1725 371 1766 vel
398 1724 569 1765 maxime
596 1724 744 1772 varias,
777 1724 852 1764 nisi
879 1724 1103 1776 Xenophon
1129 1723 1334 1763 dissimilia
1360 1728 1550 1762 accurate
1576 1722 1854 1777 disjunxisset,
1891 1723 2166 1778 conjunxisset
2189 1724 2349 1774 similia,

306 1788 497 1842 graviora
532 1786 758 1837 extulisset,
798 1787 1063 1840 depressisset
1096 1786 1266 1835 leviora,
1305 1799 1358 1826 ne
1388 1785 1537 1833 multa,
1567 1786 1643 1825 nisi
1669 1792 1712 1826 et
1737 1786 1775 1826 3n
1801 1787 1924 1826 rebus
1954 1787 2212 1839 disponendis
2239 1794 2283 1828 et
2308 1789 2348 1830 in

307 1852 442 1894 verbis
469 1850 667 1905 eligendis
693 1857 816 1904 atque
843 1850 1130 1904 componendis
1156 1851 1343 1891 eximiam
1370 1848 1569 1902 quandam
1596 1857 1724 1890 artem
1752 1851 2056 1903 expromsisset‚
2090 1863 2141 1890 ne
2168 1852 2347 1894 taedium

309 1915 478 1970 quidem¹
504 1914 729 1968 legentium
764 1915 976 1968 effugere,
1016 1915 1164 1955 nedum
1190 1915 1402 1955 Socratem
1436 1913 1493 1953 ita
1528 1913 1739 1954 celebrare
1774 1920 1953 1967 poterat,
1993 1920 2039 1954 ut
2072 1914 2197 1955 cuivis
2230 1916 2347 1958 facile

309 1986 525 2033 appareret
550 1993 645 2020 eum
670 1978 732 2017 vel
760 1979 864 2018 inter
887 1978 1143 2018 hilarissimos
1170 1978 1357 2017 convivas
1385 1983 1699 2017 commorantem
1727 1978 1820 2017 nihil
1847 1991 1925 2017 non
1949 1978 2001 2017 ad
2029 1978 2199 2018 aliorum
2225 1994 2350 2033 quum

310 2042 620 2085 delectationem
646 2048 732 2083 tum
760 2042 970 2083 utilitatem
998 2042 1259 2083 convertisse.
1311 2043 1365 2082 At
1391 2047 1530 2083 contra
1556 2041 1594 2081 iu
1611 2040 1936 2081 memorabilibus
1962 2041 2030 2082 tali
2058 2042 2229 2083 artificio
2252 2045 2348 2086 nihil

310 2120 412 2161 opus
438 2105 560 2146 fuisse
586 2119 664 2149 non
692 2112 757 2147 est
781 2105 890 2160 quod
918 2105 1082 2146 uberius
1108 2104 1317 2159 explicem.
1368 2104 1454 2146 Sed
1479 2104 1590 2144 'haec
1624 2104 1708 2158 ipsa
1736 2104 1920 2145 Convivii
1952 2111 1996 2145 et
2023 2105 2347 2151 Memorabilium

311 2170 541 2212 differentia
567 2184 618 2218 ex
644 2170 806 2210 diversa
837 2170 1051 2218 materiae,
1091 2170 1135 2209 in
1158 2183 1238 2223 qua
1270 2170 1307 2209 ei
1334 2169 1621 2210 elaborandum
1660 2169 1754 2217 fuit,
1795 2176 1939 2209 natura
1974 2170 2179 2222 profecta,
2223 2185 2347 2225 quum

311 2235 483 2277 alterum
516 2247 619 2287 opus
650 2234 871 2287 simplicem
906 2248 955 2274 ac
990 2233 1162 2274 nativam
1203 2233 1492 2286 expositionem
1526 2232 1779 2280 admitteret.
1818 2234 2073 2273 artificiosam
2110 2241 2234 2288 atque
2269 2237 2352 2278 ele-

311 2305 478 2352 gentem
514 2297 722 2351 flagitaret
755 2296 945 2345 alterum,
988 2297 1073 2337 sine
1107 2296 1189 2341 ulla
1229 2296 1476 2337 dubitatione
1511 2296 1636 2336 movit
1671 2295 1998 2349 Xenophontem,
2039 2304 2084 2337 ut
2117 2312 2168 2338 ea
2200 2301 2354 2354 scripta

314 2360 530 2435 separatim
572 2360 726 2401 ederet.
784 2360 1100 2407 Oeconomicum
1137 2373 1234 2399 vero
1269 2373 1342 2400 cur
1375 2373 1466 2400 cum
1501 2359 1833 2399 Memorabilibus
1872 2359 2123 2413 conjungere
2163 2363 2351 2415 noluerit,

313 2424 388 2468 nisi
415 2422 542 2476 major
569 2423 656 2477 ejus
677 2424 849 2465 ambitus
876 2423 955 2465 hoc
979 2423 1130 2473 effecit,
1155 2422 1197 2463 id
1223 2423 1332 2476 quod
1359 2423 1454 2464 mihi
1478 2422 1596 2464 valde
1622 2423 1833 2476 probabile
1860 2422 2029 2471 videtur
2056 2424 2123 2466 vix
2143 2427 2352 2481 quisquam

314 2488 435 2536 hodie
463 2487 625 2535 dixer3t;
664 2487 735 2537 sed
763 2487 842 2528 hoc
868 2494 981 2529 certe
1012 2493 1199 2542 apparet,
1238 2500 1318 2528 non
1351 2501 1473 2541 posse
1503 2487 1597 2528 3nde
1632 2486 1770 2540 colligi
1797 2487 2116 2529 oeconomicum
2149 2489 2355 2544 alienanto

312 2559 497 2607 tempore
523 2556 614 2604 post
639 2552 831 2606 scriptum
857 2553 970 2594 esse!

521 2615 712 2668 Venimus
738 2616 863 2671 igitur
889 2615 941 2657 ad
970 2616 1188 2660 secundam
1205 2562 1494 2671 disputationis
1518 2615 1637 2657 Tuae
1664 2621 1832 2669 partem,
1860 2629 1940 2669 qua
1967 2615 2045 2657 hoc
2067 2616 2163 2658 Tibi
2191 2618 2355 2661 demon-

318 2680 523 2724 strandum
557 2681 817 2732 proposuisti,
850 2694 927 2720 non
957 2681 1077 2720 modo
1106 2675 1269 2721 alterius
1297 2681 1532 2722 Convivium
1561 2682 1675 2720 alteri
1708 2688 1845 2720 notum
1879 2680 2020 2729 fuisse,
2061 2695 2199 2722 verum
2234 2684 2354 2724 etiam

321 2745 629 2801 Xenophontem
650 2744 783 2798 potius
797 2744 956 2786 Platoni
984 2758 1105 2799 quam
1132 2744 1239 2786 bunc
1263 2745 1319 2786 illi
1345 2745 1599 2786 successisse.
1648 2743 1731 2786 Sed
1757 2744 1988 2798 priusquam
2015 2745 2241 2787 accuratius
2267 2761 2356 2801 per-

523 2913 576 2955 ἃ)
594 2888 680 2947 vNolo
701 2912 783 2944 esim
803 2913 926 2946 leviore
940 2912 1111 2953 exagitare,
1134 2911 1233 2944 veluti
1255 2922 1335 2953 quse
1357 2913 1450 2954 dicis,
1472 2915 1638 2944 Socratem
1659 2913 1691 2944 ia
1702 2913 1858 2945 Convivis
1879 2917 1951 2954 post
1971 2914 2088 2945 multas
2110 2913 2232 2946 δτι·-
2253 2917 2362 2950 eliens·

322 2968 501 3010 splendoris
531 2973 574 3000 etv
594 2967 779 3002 nau-nn
806 2968 1005 3000 volitatio-es
1033 2978 1204 3008 appsrere3
1229 2977 1303 2999 nam
1329 2967 1406 2998 nihil
1435 2967 1599 3007 quidquam
1630 2968 1661 2998 333
1692 2967 1753 2999 boc
1780 2969 1859 3000 libro
1881 2968 2015 3000 alienam
2038 2978 2124 3009 esse,
2147 2970 2206 3001 sed
2227 2972 2362 3004 maxima

323 3022 451 3057 nisan
479 3023 587 3057 ficere
613 3023 654 3055 ad
675 3022 819 3056 Socratis
845 3021 1012 3065 inadm-
1037 3022 1258 3055 illustranda-
1281 3021 1315 3053 i-
1336 3021 1439 3064 priore
1469 3021 1549 3054 dion.
1581 3032 1622 3055 ι.
1654 3022 1706 3065 (p.
1733 3022 1889 3065 26—35)
1918 3023 1992 3053 nihi
2020 3023 2158 3055 evicisse
2178 3024 2298 3058 vum.
2321 3043 2361 3051 -

1954 3089 1979 3137 3
