2632 3469
331 382 498 432 disum.
530 390 573 439 μ’
594 379 640 425 n
669 390 711 424 et
737 381 786 424 12
813 381 866 422 de
892 378 1077 420 universa
1099 375 1259 438 marum
1288 379 1518 420 orationum
1540 370 1897 424 ‘indalecium-'tus
1918 383 2106 433 disserui,
2144 382 2385 439 quamque*

330 454 462 495 minus
492 448 592 491 falsa
621 446 794 489 habeam
828 434 998 498 impedlt
1035 436 1343 492 effect-tissima
1364 443 1628 485 de⁴veritate³
1654 436 1879 489 sententiae
1917 447 2036 490 meae
2075 446 2387 503 penuasl032··‘et

330 508 557 559 consensus
600 511 861 566 summorum
886 509 1121 557 hominum:
1157 522 1247 550 nam
1281 516 1323 549 et
1355 506 1586 550 Boeclthius
1610 502 1683 560 ⁸²5
1702 519 1868 566 prorsus
1900 521 2059 554 mecum
2085 512 2389 563 >conseant-4²⁴&

329 575 402 626 Fu
421 572 644 623 ¹Ja'c'obsiu's
659 571 732 625 33*)
766 581 917 617 tantum
946 573 1062 614 abest
1090 579 1135 614 ut
1167 569 1413 614 orationibus
1447 570 1522 615 iilis
1557 575 1843 616 effrenatarum
1882 570 2386 632 ltbldlnumpaltroelatuai

330 653 564 701 susceptum
591 657 690 692 esse,
708 647 832 694 putet,
868 646 913 679 ut
948 653 1037 685 eas,
1080 646 1122 678 et
1158 639 1330 679 maxime
1371 639 1544 691 priorem
1586 640 1705 698 illam,
1748 646 1791 680 ut
1829 640 2150 684 luculentissima
2176 643 2388 684 castissimi

332 706 494 756 amoris,
523 723 602 764 quo
631 700 789 746 veteres
816 703 987 756 amplexi
1015 704 1279 765 sint‘pueres‚
1308 702 1554 742 documenta
1578 712 1774 756 proponat
1796 703 1883 751 θ’θ’]
1923 723 1925 726 ·
1947 700 2067 752 Quod
2094 698 2228 747 butem
2256 721 2292 760 p.
2312 708 2387 747 [Π.

333 772 462 832 ‘mirae
497 770 703 828 cujusdam
739 767 989 809 eredulitatis
1022 780 1085 807 me
1128 767 1303 815 incusas,
1345 766 1420 818 'qui
1459 768 1590 806 omnia
1631 771 1911 821 quaeeunque·
1935 763 2054 810 alicui
2096 764 2387 825 personaes'vel

336 840 443 897 apud
470 838 682 879 Platonem
716 832 780 881 vel
813 829 921 886 apud
951 831 1259 885 Xenophontem
1296 829 1543 879 tribuantur,
1576 831 1629 871 ad
1663 834 1790 885 ipsum
1831 825 2050 882 hominem,
2092 834 2207 889 cujus
2244 844 2388 876 nomen

335 902 627 961 praescriptum
651 905 724 946 est,
742 910 822 938 non
845 896 897 937 ad
920 895 1072 951 dialogi
1092 896 1328 949 scriptorem
1348 893 1569 942 retulerim,
1593 897 1662 948 qul
1684 896 1794 936 illum
1814 897 1868 937 ita
1892 896 1999 950 loqui
2015 897 2200 952 jusserit:
2217 899 2263 940 'si
2279 909 2387 940 eram

337 967 547 1014 credulus,
578 970 691 1005 certe
721 974 831 1002 eram
863 960 1073 1000 Boeckhio
1096 963 1172 1013 ³⁴),
1201 965 1321 1013 ’quem
1353 958 1447 1011 Ipse
1468 959 1565 997 tanti
1595 959 1705 1007 facis,
1734 967 1779 1000 ut
1800 962 1861 1014 (p.
1887 962 1971 1014 lx)
1994 961 2080 1016 ejus
2108 964 2388 1003 auctoritatem

335 1048 413 1074 non
443 1023 713 1071 recentiorum
742 1033 895 1066 tantum
924 1024 1176 1077 scriptorum,
1204 1023 1275 1063 sed
1307 1036 1356 1063 ex
1385 1022 1588 1061 veteribus
1616 1024 1736 1063 etiam
1768 1026 2002 1073 Pausaniae,
2040 1027 2221 1074 Luciam,
2248 1022 2389 1067 scholi·
2429 1043 2435 1049 ·

335 1103 511 1138 astarum
540 1089 774 1139 testimoniis
803 1090 865 1141 ³5)
896 1087 1016 1129 facile
1044 1088 1243 1142 opponas!
1271 1088 1415 1141 Neque
1439 1085 1523 1141 jam
1553 1090 1641 1141 ejus
1669 1098 1734 1127 me
1762 1088 2009 1130 credulitatis
2037 1091 2229 1143 poenitet.
2287 1091 2389 1132 Nam

336 1163 382 1211 si,
413 1167 457 1200 ut
484 1158 603 1204 sacis,
632 1155 878 1194 verissimum
910 1167 1001 1192 esse
1031 1151 1220 1192 concedis
1250 1153 1461 1191 Platonem
1490 1151 1665 1205 quinque
1694 1153 1770 1191 illis
1798 1154 2024 1192 oratoribus
2053 1150 2236 1194 consulto
2265 1161 2308 1194 et
2332 1154 2386 1195 de

332 1218 530 1266 'industria
572 1220 695 1260 multa
737 1225 837 1268 vana
874 1216 996 1268 atque
1046 1215 1146 1255 salsa
1191 1215 1402 1263 tribuisse,
1443 1229 1494 1255 ne
1530 1215 1611 1256 hoe
1650 1216 1813 1269 quidem
1855 1218 2037 1268 negabis,
2079 1218 2388 1270 Xenophontem

337 1283 549 1332 refutanda
572 1282 672 1323 salsa
696 1281 828 1335 aliqua
849 1278 1046 1320 sententia
1074 1279 1125 1318 ab
1149 1277 1306 1318 illorum
1329 1278 1643 1332 aliquo'prolata
1664 1290 1741 1321 non
1764 1280 1944 1340 potuisse
1967 1287 2138 1334 tangere
2157 1282 2391 1332 Platone-1¹13

337 1367 432 1395 nam
459 1365 506 1391 ea
530 1351 623 1402 ipsa
650 1346 700 1386 de
727 1343 851 1386 ε’άιιέα
879 1343 1004 1385 Plato
1032 1346 1092 1383 ita
1119 1356 1186 1383 eos
1211 1343 1412 1395 loquentes
1429 1342 1560 1395 fecit,
1594 1344 1774 1395 utsolsa
1802 1348 1842 1385 et
1869 1347 2020 1385 amoris
2052 1349 2222 1385 naturae
2244 1357 2391 1399 parma

338 1415 613 1459 com-eufemia
659 1409 924 1464 proferrent,-
971 1407 1042 1447 nisi
1093 1406 1198 1446 forte
1238 1406 1442 1447 arbitraris
1480 1407 1811 1460 Xenophontem,
1858 1413 1982 1461 quum
2026 1407 2251 1450 universum
2294 1409 2392 1450 illud

338 1478 521 1524 Platonis
549 1476 588 1517 in
618 1472 812 1515 Conviv'io
842 1469 1092 1513 conficiendo
1120 1469 1328 1511 consilium
1356 1483 1433 1511 non
1462 1476 1670 1512 assecutus
1698 1478 1821 1522 esset,
1856 1479 2123 1527 quaecunque
2158 1472 2264 1528 apud
2299 1486 2392 1515 eum

339 1547 391 1585 de
420 1556 558 1600 amore
587 1540 818 1585 dicerentur
845 1551 895 1575 ex
924 1536 1107 1576 Platonis
1142 1536 1275 1573 animo
1309 1547 1357 1573 ac
1393 1549 1487 1574 vera
1520 1538 1778 1589 persuasione
1813 1538 1995 1589 prosecta
2031 1540 2208 1590 putasse!
2246 1539 2392 1590 Itaque

340 1610 372 1651 si
404 1605 629 1659 Xenophon
670 1602 909 1643 sententiam
952 1600 1122 1652 aliquam
1162 1596 1201 1638 iu
1243 1599 1371 1638 Conv.
1415 1600 1597 1640 Platonis
1623 1601 1685 1640 vel
1718 1614 1742 1641 a
1776 1599 1967 1641 Phaedro
2008 1602 2069 1641 vel
2110 1601 2162 1641 ab
2198 1601 2276 1641 allo
2311 1613 2391 1654 qno

340 1672 585 1728 propositam
614 1669 900 1720 impugnasset,
928 1664 1005 1704 scis
1032 1665 1135 1703 enim
1164 1676 1213 1702 ne
1243 1663 1319 1702 hoc
1348 1663 1510 1715 quidem
1538 1663 1633 1702 mihi
1661 1664 1870 1716 probabile
1897 1664 2036 1711 videri,
2064 1664 2137 1703 sed
2157 1665 2194 1703 si·
2212 1662 2393 1711 fecisset,

340 1744 476 1778 tamen
519 1729 568 1773 eo
610 1744 688 1770 non
730 1728 912 1768 laederet
954 1726 1192 1774 Platonem,
1241 1724 1314 1765 sed
1354 1730 1424 1765 aut
1470 1726 1596 1778 ipsam
1637 1726 1744 1766 illam
1786 1727 2022 1766 sententiam
2063 1726 2393 1779 reprehenderet,

341 1797 519 1841 auctoris
548 1796 702 1835 ratione
732 1805 809 1831 non
837 1790 986 1837 habita,
1016 1795 1084 1828 aut
1112 1789 1298 1828 subesset
1323 1788 1521 1841 quaedam
1550 1789 1918 1843 eJus'vituperatio,
1945 1791 2059 1845 cujus
2087 1791 2250 1843 ingenio
2275 1791 2393 1830 Plato

340 1861 569 1905 istiusmodi
595 1857 830 1899 sententiam
855 1853 1201 1893 accommodatam
1230 1853 1441 1893 habuisset.
1470 1875 1521 1883 ——
1573 1853 1656 1894 Sed
1683 1852 1792 1906 quod
1821 1852 1913 1894 mihi
1941 1856 2160 1908 exprobras
2187 1868 2252 1894 me
2276 1853 2393 1895 istum

342 1926 562 1969 memoriae
592 1924 745 1976 lapsum
775 1916 962 1959 tribuisse
997 1916 1171 1965 Socrati,
1206 1929 1328 1970 quum
1366 1917 1461 1970 Ipse
1499 1930 1591 1957 eum
1625 1917 1885 1971 Xenophonti
1919 1918 2145 1967 tribuisses,
2187 1918 2227 1959 id
2256 1931 2394 1959 verum

342 1980 432 2034 esse
467 2000 722 2044 nequaquam
762 1982 922 2023 infitior.
988 1981 1085 2035 Ego
1127 1981 1251 2029 enim,
1292 1981 1361 2035 qui
1402 1981 1726 2034 Xenophontem*
1750 1991 1845 2021 rem
1881 1995 1975 2021 vere
2015 1988 2169 2035 gestam
2210 1982 2394 2022 retulisse

343 2056 635 2099 existimarem,
685 2052 805 2102 ‘quem'
847 2047 1064 2086 memoriae
1114 2046 1266 2099 lapsum
1307 2047 1344 2085 in
1387 2047 1569 2085 Socratis
1612 2047 1749 2085 verbis>
1786 2048 1989 2086 detectum
2031 2047 2096 2087 'ru
2139 2046 2397 2099 Xenophonti

344 2118 568 2165 tribuebas,
595 2129 688 2157 eum
716 2127 796 2154 non
823 2118 1005 2166 poteram
1035 2109 1128 2164 quin
1164 2110 1217 2151 ad
1241 2111 1453 2151 Socratem
1487 2110 1614 2164 ipsum
1647 2117 1855 2152 auctorem
1889 2111 2095 2151 referrem.
2149 2108 2245 2151 Hoc
2272 2110 2396 2164 igitur

344 2199 468 2241 quum
500 2182 673 2223 libenter
700 2177 796 2219 Tibi
824 2175 987 2230 largiar,
1015 2189 1080 2215 me
1109 2187 1248 2228 parum
1278 2180 1389 2214 recta
1417 2174 1643 2227 disputandi
1669 2174 1825 2215 ratione
1858 2188 1971 2215 usum
2000 2189 2107 2223 esse,
2140 2187 2263 2228 quum
2289 2187 2396 2228 quae

343 2249 602 2300 subsequitur
629 2245 843 2297 disputatio
872 2242 922 2282 de
950 2241 1030 2281 fide
1063 2240 1244 2280 Convivii
1274 2238 1556 2291 Xenophontei
1590 2254 1695 2291 quae
1723 2240 1868 2280 dicitur
1895 2241 2082 2280 historica
2115 2246 2185 2278 aut
2212 2240 2397 2290 praemit-

345 2313 480 2361 tenda,
510 2318 579 2350 aut
602 2310 757 2355 saltem,
784 2305 891 2360 quod
914 2305 965 2344 ad
988 2304 1094 2344 hunc
1116 2318 1294 2343 errorem
1318 2302 1596 2355 effugiendum
1613 2303 1696 2357 jam
1717 2304 1958 2350 sufficiebat,
1991 2304 2183 2344 lectorum
2208 2302 2324 2342 animi
2345 2302 2396 2343 ad

346 2378 454 2419 illam
479 2373 787 2428 disputationem
817 2367 1052 2410 advertendi
1083 2368 1267 2409 fuissent:
1291 2367 1398 2408 idem
1427 2373 1558 2407 tamen
1587 2373 1700 2407 recte
1731 2368 1822 2408 mihi
1852 2368 2096 2408 contendere
2126 2366 2264 2406 videor
2292 2367 2396 2407 hunc

346 2455 527 2482 errorem
556 2436 758 2490 quendam
786 2434 836 2474 ad
864 2447 950 2472 rem
978 2433 1116 2485 ipsam,
1145 2432 1197 2472 de
1226 2446 1303 2484 qua
1332 2439 1393 2472 est
1417 2433 1618 2485 quaestio,
1647 2431 1740 2472 nihil
1770 2434 1991 2486 pertinere,
2018 2447 2141 2486 quum
2171 2431 2396 2471 etiamnunc

346 2516 579 2558 persuasum
607 2500 776 2540 habeam
808 2498 1040 2538 Canubium
1067 2497 1396 2549 Xenophontem
1431 2510 1513 2535 rem
1548 2494 1701 2547 referre
1735 2496 2019 2549 tet-efactam,
2061 2512 2138 2537 rum
2160 2495 2321 2549 fictam.
2350 2517 2396 2524 —-

347 2568 558 2609 Circulum
597 2571 732 2605 autem
768 2563 807 2601 in
842 2559 1154 2601 demonstrando
1177 2563 1241 2612 ³⁶)
1284 2573 1360 2600 non
1402 2561 1592 2600 commisi.
1654 2561 1762 2601 Nam
1802 2561 1872 2601 has
1913 2562 2128 2602 sententias
2161 2560 2397 2607 Convivium

348 2631 688 2684 Xenophonteum
713 2633 756 2667 et
776 2638 876 2679 opus
905 2640 996 2665 esse
1026 2638 1178 2664 summa
1201 2631 1287 2664 arte
1316 2625 1479 2672 factum,
1509 2631 1551 2664 et
1573 2624 1831 2665 fundamento
1853 2633 2172 2677 superstructum
2193 2624 2396 2672 historico,

348 2696 500 2750 optime
529 2707 644 2748 posse
670 2692 774 2732 inter
802 2704 847 2730 se
875 2688 1080 2730 conciliari
1109 2688 1171 2728 vel
1199 2703 1248 2729 ex
1277 2689 1320 2729 iis
1348 2695 1471 2742 patet,
1500 2701 1603 2742 quae
1631 2688 1724 2729 diss.
1753 2699 1802 2729 m.
1829 2704 1865 2743 p.
1896 2691 1941 2730 17
1970 2689 2149 2730 disserui.
2174 2710 2223 2720 --

551 2885 605 2926 ³²)
629 2885 672 2916 ds
693 2885 869 2916 stantun
897 2887 957 2915 ete.
979 2894 1010 2926 p.
1037 2882 1088 2914 1³.
1111 2900 1152 2906 —
1193 2881 1266 2923 ³³⁸)
1288 2882 1489 2915 vermium
1511 2883 1671 2915 Schriften
1693 2883 1751 2923 11⁴1,
1782 2893 1812 2924 p.
1829 2882 1892 2914 2³0
1913 2892 1980 2924 sqq.
2004 2898 2047 2906 -—
2067 2881 2142 2922 ³³⁵)
2165 2879 2205 2912 cf.
2230 2891 2307 2924 quae
2328 2890 2400 2913 eum

347 2953 421 2974 mee
440 2941 602 2973 munu-
629 2940 722 2981 plne
751 2939 972 2971 convenientis
999 2938 1145 2980 exposuit
1171 2937 1307 2971 Bnndis
1336 2939 1359 2969 l.
1389 2939 1413 2970 1.
1443 2949 1474 2981 p.
1497 2938 1561 2970 ⁴1³
1578 2941 1612 2970 et
1631 2938 1695 2971 ⁴14
1717 2949 1785 2981 sqq.
1811 2957 1848 2964 —
1891 2937 1946 2979 ³⁴)
1977 2938 2014 2969 de
2037 2937 2197 2969 simultate
2218 2947 2249 2978 p.
2282 2935 2330 2971 16.
2359 2952 2399 2959 —

347 2997 401 3039 ⁸³)
425 2998 468 3030 of.
492 2996 571 3028 diss.
595 3005 637 3027 m.
661 3005 693 3036 p.
715 2994 769 3029 24.
792 3011 834 3019 —
864 2993 917 3035 ³⁶)
940 2994 982 3031 ef,
1006 2993 1087 3026 diss.
1110 2994 1146 3024 Τ.
1173 2993 1279 3033 p.111‚
1304 3001 1332 3024 s.
1348 2992 1372 3025 f.
