2632 3469
334 381 549 424 Platonem
577 378 697 420 aliter
722 376 832 431 loqui
868 375 1066 430 potuisse:
1097 373 1214 429 quod
1249 379 1385 413 autem
1404 369 1452 413 333
1478 373 1591 415 idem
1608 374 1846 430 mmmm
1856 376 2069 420 ‘inciderit
2065 367 2274 432 uterque,
2292 378 2387 421 nihil

332 445 375 486 id
403 445 509 485 miri·
527 443 699 491 habere,
743 441 930 495 quonlam
949 450 1086 492 ›quum
1121 439 1295 478 universi
1322 438 1493 486 Graeci,
1516 445 1601 479 tum
1630 440 1836 493 imprimis·
1831 443 2048 483 NSocrates
2071 448 2114 482 et
2139 441 2277 483 Plato
2294 432 2388 484 nihil

332 508 496 562 saepius
530 508 570 549 333
604 522 677 549 ore
712 506 888 548 habeant
921 517 1041 556 quam
1084 500 1329 551 Homerum,
1373 517 1422 542 ex
1465 504 1636 544 Homeri
1677 510 1811 544 autem
1840 508 2092 547 carminibus
2131 507 2245 547 nihil·
2243 500 2388 560 magis

332 574 587 615 celebratum
642 571 764 612 suerit
791 582 910 622 quam
937 568 1005 608 illa
1032 567 1116 620 ipsa
1141 566 1195 606 de
1223 564 1380 607 Achille
1406 573 1466 607 et
1477 567 1669 608 Patroclo
1701 563 1910 618 narratio:
1933 570 2011 611 huc
2038 570 2252 622 accederit*¹
2279 569 2389 626 qu&

330 645 376 680 et
396 637 616 681 Phaedrus
642 634 813 677 Homeri
836 634 892 673 sit
918 631 1212 672 amantissimus
1246 637 1290 672 et
1323 632 1530 672 Socrates
1544 632 1731 686 loquatur
1754 647 1848 674 cum
1882 634 2098 686 Niceratu,
2131 637 2199 689 qui
2234 627 2277 676 et
2302 637 2389 694 ipse

331 704 522 745 Homero
555 702 605 742 sit
638 699 778 740 mirum
809 698 847 737 in
875 696 1037 737 modum
1073 695 1246 736 deditus.
1308 696 1387 736 His
1422 697 1585 737 uberius
1623 697 1744 738 etiam
1785 698 1992 751 expositis,
2033 700 2136 742 haec
2170 699 2388 742 addebam:

329 768 458 818 „illud
492 780 589 807 vero
631 763 820 816 equidem
864 774 1026 814 prorsus
1064 774 1165 800 ιισιι
1177 772 1393 811 assequor,
1435 761 1533 814 quid
1564 762 1624 801 his
1660 761 1790 801 verbis
1816 762 2077 805 Hermannus
2098 764 2172 805 sihi
2200 764 2389 806 voluerit.

328 853 603 882 „.-.--·—
629 825 708 868 sed
733 832 778 867 ut
805 826 925 867 Plato
948 824 1203 878 Aeschylum
1218 838 1309 865 cum
1333 821 1518 866 Homero
1541 833 1761 880 comparet,
1786 819 2022 880 Xenophon,
2045 829 2140 869 dum
2163 830 2388 870 Homerum

328 895 481 942 laudat,
506 894 727 934 Platonem
760 896 870 931 tecte
906 888 1207 942 reprehendere
1241 887 1463 927 videaturst‘
1526 889 1630 930 Nam
1666 891 1698 931 si
1733 892 1923 931 Socrates
1959 891 2276 954 Xenophonteus
2315 895 2390 947 pr'o

328 957 454 1012 (οὐχ)
485 955 541 1004 ὡς
566 957 777 1002 παιδικοῖς
804 952 1037 1008 Πατρόκλῳ
1066 952 1307 1004 (V331,31)
1336 950 1502 991 <fixisset
1529 952 1654 1007 (οὐχ)
1692 953 1746 1002 ὡς
1773 955 1921 1011 ἐραστῇ
1949 955 2027 1007 (ita
2055 956 2159 996 enim
2176 956 2388 998 Phaedrus

327 1023 568 1065 Platonicus
592 1035 640 1074 p.
671 1020 756 1060 179.
783 1018 832 1058 E.
868 1018 1104 1058 Patroclum
1140 1019 1394 1066 vocaverat),
1433 1022 1516 1056 tum
1552 1017 1724 1058 sortasse
1760 1019 1957 1078 putaverit
1990 1017 2151 1072 aliquis,
2190 1026 2233 1060 ut
2266 1021 2387 1062 Plato

329 1101 423 1128 cum
450 1087 638 1127 Homero
667 1089 878 1135 comparet
905 1083 972 1132 (et
999 1079 1291 1134 reprehendat)
1321 1079 1579 1131 Aeschylum,
1608 1082 1663 1121 ita
1678 1075 2002 1136 Xenophontem
2028 1084 2150 1123 tacite
2176 1090 2385 1137 opponere

327 1165 466 1192 veram
496 1147 669 1191 Homeri
695 1146 932 1186 senteutiam
961 1144 1218 1196 (Patroclum
1247 1143 1409 1196 ἑταῖρον
1437 1144 1560 1185 fuisse
1587 1146 1788 1199 Achillis)
1805 1147 1931 1187 salsae
1957 1147 2180 1187 sententiae
2209 1148 2386 1188 Phaedd

327 1213 532 1257 Platonici
560 1209 820 1265 (Patroclum
844 1208 1023 1262 ἐραστὴν
1050 1207 1171 1248 fuisse
1199 1205 1411 1261 Achillis);
1438 1208 1511 1250 sed
1545 1224 1667 1264 quum
1689 1210 1804 1253 dicat
1829 1209 1916 1265 οὐχ
1932 1209 1985 1259 ὡς
2011 1213 2218 1260 παιδικοῖς
2243 1218 2385 1265 aperte

326 1280 542 1332 impugnat
565 1276 776 1328 vulgarem
803 1275 855 1314 ab
885 1272 1084 1326 Aeschylo
1108 1272 1330 1325 profectam
1354 1272 1406 1314 de
1421 1274 1577 1316 Achille
1597 1275 1850 1316 et¹Patroclo
1865 1275 2100 1316 sententiam
2122 1276 2384 1327 (Patroclum

325 1343 381 1385 τὰ
408 1341 584 1384 παιδικὰ
606 1340 752 1388 ¹fuisse,
788 1337 981 1379 Achillem
1015 1336 1087 1378 τὸν
1114 1336 1337 1389 ἐραστὴν),
1371 1352 1490 1391 quam
1521 1339 1734 1380 Phaedrus
1761 1352 1925 1394 quoque
1960 1342 2176 1393 improbat,
2207 1344 2383 1393 quocum

328 1408 381 1448 ab
411 1407 488 1446 hac
514 1403 678 1458 quidem
706 1404 824 1455 parte
850 1414 1015 1455 prorsus
1042 1400 1252 1440 consentit.
1306 1401 1513 1451 (Pronus
1541 1415 1631 1443 cum
1661 1416 1706 1444 eo
1729 1406 1949 1453 consentit,
1977 1418 2096 1457 quum
2123 1411 2165 1445 et
2190 1405 2383 1446 Socrates

328 1468 652 1521 Xenophontem
675 1475 717 1506 et
740 1466 956 1506 Phaedrus
979 1465 1216 1505 Platonicus
1240 1465 1441 1517 improbet
1466 1467 1674 1519 vulgarem
1703 1467 1832 1516 illam,
1854 1458 2213 1523 cujus'Aeschylus
2241 1475 2384 1509 auctor

326 1535 415 1584 suit,
436 1533 665 1587 opinionem
683 1529 916 1571 Patroclum
938 1531 1115 1569 amotum
1133 1528 1256 1568 fuisse
1275 1529 1326 1568 ab
1342 1528 1519 1577 'Achilleg
1546 1530 1662 1570 simul
1685 1530 2038 1572 autemaddebam
2059 1534 2110 1572 ab
2128 1534 2206 1572 lmc
2223 1533 2382 1585 quasdem

321 1601 457 1653 parte,
485 1603 532 1636 ut
557 1596 830 1648 significarem
856 1593 933 1632 alia
959 1593 997 1630 in
1025 1605 1071 1630 re
1107 1605 1178 1631 eos
1211 1605 1288 1632 non
1323 1593 1567 1641 consentire;
1608 1607 1695 1633 nam
1731 1601 1939 1647 postquam
1979 1596 2016 1634 in
2052 1609 2102 1635 eo
2143 1595 2380 1635 amicissime

326 1661 626 1715 conspirarunt,
660 1657 770 1712 quad
801 1664 976 1708 uterque
1009 1655 1243 1695 Patroclum
1279 1656 1332 1696 τὰ
1367 1657 1540 1696 παιδικὰ
1569 1657 1732 1697 Achill3s
1767 1650 1887 1697 fuisse
1919 1652 2102 1710 negavit,
2130 1660 2237 1711 jam,
2271 1657 2382 1710 quod

321 1727 399 1767 suit
426 1724 630 1766 diversum
662 1722 869 1773 utriusque
898 1718 1117 1767 consilium,
1148 1719 1186 1759 333
1213 1717 1391 1760 diversas
1420 1721 1638 1761 sententias
1665 1721 1861 1768 nhie'ruut,¹
1890 1724 2012 1774 quum
2031 1721 2223 1761 Socrates
2246 1722 2379 1762 Xeno-

321 1791 524 1844 phonteus
561 1786 845 1826 Patroclum
831 1785 1006 1834 'zaream
1036 1781 1249 1821 Phaedrus
1278 1783 1514 1822 Platonicus
1546 1784 1723 1836 ἐραστὴν
1757 1785 1921 1824 Achillis
1950 1786 2153 1844 vocaret.)
2219 1784 2381 1826 Deinde

322 1856 381 1896 ita
410 1850 657 1906 pergebam:
711 1848 818 1894 Quin
852 1847 918 1888 hic
954 1847 1068 1887 locus
1104 1845 1318 1887 ostendere
1356 1848 1511 1888 videtur
1550 1862 1627 1888 non
1669 1848 1820 1902 legisse
1856 1840 2165 1901 Xenophontem
2197 1847 2379 1889 Platonis

323 1917 583 1973 Symposium
613 1910 864 1964 (addendum
893 1911 987 1951 suit.
1031 1910 1113 1959 vel,
1148 1910 1182 1950 si
1217 1909 1336 1963 legit,
1375 1911 1551 1953 uoluisse
1586 1912 1683 1953 illud
1719 1914 1958 1966 impugnare
1997 1928 2029 1952 v.
2053 1914 2188 1965 sup.);
2228 1927 2316 1953 nam
2346 1913 2378 1953 si

322 1981 423 2024 illud
450 1981 621 2033 legisset
649 1976 923 2028 voluissetque
959 1976 1223 2028 impugnare,
1261 1975 1323 2015 vix
1360 1976 1598 2029 intelligitur
1631 1990 1705 2016 cur
1741 1977 1848 2016 hunc
1881 1976 2014 2016 locum
2051 1976 2379 2030 praetermiserit,

323 2046 392 2099 qui
421 2058 541 2097 quam
570 2041 794 2095 aptissimus
821 2046 910 2080 erat
935 2039 986 2079 ad
1015 2039 1268 2079 refutandam
1298 2039 1478 2079 Phaedri
1502 2041 1739 2080 sententiam
1768 2040 2026 2089 (Patroclum
2049 2040 2228 2094 ἐραστὴν
2257 2040 2378 2081 fuisse

319 2109 502 2157 Achill3s;
526 2105 601 2147 sed
622 2120 696 2146 non
719 2105 826 2145 dimit
848 2105 1039 2144 Socrates
1062 2104 1165 2144 Xen.
1187 2101 1264 2156 οὐχ
1281 2102 1346 2151 ’ὡς
1374 2104 1531 2159 ἐραςτῇ,
1558 2104 1629 2144 sed
1651 2103 1728 2157 οὐχ
1755 2103 1809 2151 ὡς
1834 2106 2052 2151 πᾱιῦὶκοῖς,
2080 2104 2187 2143 unde
2210 2110 2380 2157 apparet

320 2188 415 2216 eum
450 2173 629 2214 noluisse
669 2170 909 2222 impugnare
941 2168 1181 2209 sententiam
1225 2167 1439 2219 Phaedri).
1472 2193 1523 2200 —
1576 2169 1748 2223 Longus
1790 2169 1845 2210 sui
1879 2171 1916 2210 in
1952 2169 2085 2209 verbis
2125 2168 2224 2209 meis
2259 2170 2379 2209 inter·

320 2236 547 2294 pretandis,
579 2233 688 2287 quod
717 2248 833 2286 quam
861 2233 1131 2273 necessarium
1161 2233 1284 2272 suerit
1309 2234 1520 2285 apparebit
1547 2247 1597 2273 ex
1625 2247 1675 2273 eo
1704 2235 1923 2281 enuntiato,
1951 2244 2032 2287 quo
2060 2234 2127 2274 'ru
2155 2234 2193 2273 in
2221 2240 2377 2274 senten—

319 2305 415 2344 tiam
444 2313 575 2341 meam
606 2298 815 2344 inveheris,
848 2297 1040 2349 quodque
1069 2296 1107 2336 333
1138 2309 1256 2335 usum
1292 2296 1488 2336 lectorum
1525 2298 1731 2350 'integrum
1765 2299 1872 2351 typis
1902 2297 2186 2337 excudendum
2221 2298 2376 2338 curavi:

316 2367 404 2409 Hic
431 2376 597 2418 quoque
625 2360 782 2407 accidit,
813 2368 857 2400 ut
881 2361 1121 2400 sententiam
1149 2368 1324 2400 nostram
1343 2375 1344 2378 ¹
1361 2357 1521 2413 assequi
1556 2361 1681 2401 nollet
1707 2362 1778 2413 (!),
1808 2374 1926 2414 quam
1949 2370 2071 2413 quum
2092 2361 2148 2401 ita
2170 2362 2376 2402 enuncias-

318 2443 470 2476 semus,
496 2434 543 2468 ut
571 2426 784 2474 Platonem
810 2425 898 2464 illos
926 2431 1115 2476 tanquam
1140 2427 1288 2464 omnro‘s
1310 2423 1599 2469 documentum
1629 2425 1906 2477 proposu3sse,
1923 2424 2251 2477 'Xenophontem
2278 2437 2375 2464 vero

316 2506 398 2535 ιιοιι
419 2493 601 2531 amantes
621 2488 694 2528 sed
708 2491 858 2529 amicos
881 2488 1052 2528 voluisse
1076 2487 1422 2535 contenderemus,
1451 2487 1770 2528 Henrichsenius
1790 2489 1848 2528 his
1863 2487 2062 2540 neglectis
2078 2488 2136 2539 (Β)
2153 2495 2374 2529 extremam

315 2562 470 2599 tantum
498 2555 712 2594 verborum
751 2559 977 2592 nostrorum
1015 2558 1170 2606 partem
1208 2552 1338 2592 attulit
1364 2553 1443 2605 (l),
1478 2552 1622 2606 quibus
1655 2552 1984 2607 Xenophontem,
2026 2551 2121 2594 dum
2148 2554 2373 2599 Homerum

315 2620 516 2668 laudaret,
543 2619 757 2666 Platonem
786 2623 894 2656 tecte
923 2616 1223 2670 reprehendere
1251 2616 1434 2665 diximus,
1463 2630 1593 2669 eaque
1619 2617 1673 2657 ita
1701 2617 1960 2670 impugnavit,
1991 2622 2035 2658 ut
2050 2616 2372 2671 Xenophontem,

316 2686 410 2739 quia
447 2683 598 2736 pariter
625 2698 674 2723 ac
703 2683 822 2723 Plato
853 2681 1085 2721 Patroclum
1116 2694 1192 2720 non
1220 2682 1392 2720 παιδικὰ
1419 2681 1490 2720 sed
1520 2681 1683 2732 ἑταῖρον
1713 2682 1883 2720 Achillis*
1905 2681 2012 2720 dicat
2051 2681 2146 2732 (sed
2180 2682 2372 2735 ἱταῖρονῖ

316 2747 544 2802 Xenophon
565 2749 726 2801 puriter
751 2761 803 2787 ac
831 2746 956 2787 Plato
994 2744 1227 2785 Patroclum
1268 2745 1430 2798 ἑταῖρον
1465 2743 1628 2785 Achillis
1663 2745 1843 2797 dixit?!)
1877 2747 1928 2785 ab
1964 2747 2041 2786 huc
2070 2747 2228 2799 quedem
2250 2748 2372 2804 parte

313 2827 401 2855 cum
429 2814 502 2852 ileo
525 2824 696 2864 prorsus
724 2811 948 2850 consentire
981 2815 1117 2848 narret
1145 2810 1245 2857 (non
1275 2821 1371 2864 ego,
1398 2807 1471 2848 sed
1500 2807 1567 2848 Tu
1597 2807 1791 2849 mirabilia
1817 2809 2006 2863 narras!),
2042 2809 2155 2868 quasi
2181 2808 2368 2863 ἐραστὴς,

315 2892 398 2930 quo
427 2875 625 2917 vocabulo
657 2867 775 2915 Plato
801 2876 946 2920 utitur,
975 2880 1016 2912 et
1044 2873 1206 2924 ἑταῖρος
1241 2888 1290 2912 ex
1325 2872 1606 2925 Xenophontis
1641 2880 1776 2911 mente
1804 2873 1949 2915 eodem
1984 2873 2155 2918 redeant
2174 2874 2381 2924 (ubinam

314 2939 480 2984 tandem
510 2938 590 2981 hoc
631 2937 926 2993 significavit),
967 2951 1101 2991 neque
1129 2935 1172 2978 id
1202 2937 1332 2991 ipsum
1365 2936 1431 2978 hic
1465 2942 1581 2990 agat,
1623 2942 1666 2977 ut
1707 2937 1815 2978 omui
1852 2938 2066 2982 3erborum
2097 2937 2365 2991 ambiguitate
