2632 3469
326 382 365 422 ei
391 379 516 435 loco,
540 374 663 432 q'ti‘em
698 374 777 416 sois
802 373 854 414 ab
876 357 1065 414 omnibus
1088 371 1198 426 l'ere
1205 371 1552 413 anachronismum
1568 372 1768 414 hubert-¹
1797 375 1942 422 Quam
1961 374 2198 415 sententiam
2226 374 2259 415 si
2286 389 2378 419 cum

328 450 481 498 magna
502 440 677 496 quadam
700 437 986 511 probabilitate
1001 443 1135 492 veram
1151 449 1241 477 esse
1256 437 1460 486 sumimus,
1489 437 1617 493 omnis
1631 438 1993 508 argumentationis
2002 438 2126 479 'I'u'ae
2137 439 2199 479 'vis
2215 439 2378 480 corruit.

328 509 435 551 Nam
457 515 504 548 ut
527 506 664 561 paucis
676 502 773 545 Tibi
797 500 1009 557 exponam,
1038 488 1151 556 quid
1156 501 1207 542 de
1234 507 1377 542 natura
1403 504 1525 556 atque
1554 502 1689 543 indole
1717 491 1850 558 huj'us
1858 503 2005 558 scripti
2025 509 2219 544 statuam:
2240 504 2380 545 (Deco-

328 572 476 613 nomici
506 570 647 611 eadem
675 565 769 609 mihi
797 568 902 608 ratio
930 566 1107 614 'videtum
1137 577 1239 620 qnae
1260 561 1584 607 Memorabilium
1613 573 1654 606 et
1675 567 1877 615 Οοιινίνιὴ
1905 570 2011 609 si'eut
2038 568 2119 607 iila
2127 558 2291 621 scripta,
2319 568 2379 608 sic

329 636 410 678 hoc
441 647 603 689 quoquc
639 632 908 673 narrationem
945 630 1123 671 continet
1157 630 1234 670 rei
1254 641 1348 669 vere
1384 633 1550 682 gestae,
1586 630 1648 670 cui
1679 626 1908 681 Xenophon
1942 632 2141 681 interfuit,
2176 633 2378 684 quamque

325 706 488 755 postea,
517 711 638 752 quum
667 696 865 736 Sciilunte
890 695 949 734 in
958 694 1040 733 otio
1069 693 1257 747 degeret,
1279 693 1332 733 ad
1363 699 1690 751 praeceptorem
1699 699 1814 733 suum
1844 693 2145 736 dilectissimum
2173 702 2231 736 et
2242 694 2379 736 desen·

331 761 509 806 de'ndum
543 768 586 803 et
619 758 909 802 celebrandum
951 757 1205 810 accuratiore
1240 757 1347 798 stilo
1376 758 1639 798 enarrandam
1675 758 1841 811 putavit.
1902 759 1978 799 Ille
2014 773 2117 800 vero
2144 761 2259 800 locus
2278 769 2380 818 mea

331 828 530 869 sententia
558 837 692 865 merus
715 830 779 864 est
806 822 1148 869 anachronismus,
1177 832 1299 874 quem
1328 820 1557 877 Xenophon
1585 822 1764 861 Socratis
1791 821 1921 861 verbis
1942 822 2140 873 inseruit;
2162 835 2242 877 qua
2268 813 2325 863 ιιι
2332 834 2378 863 re

331 905 450 933 nemo
492 888 613 929 facile
657 887 861 936 offendet,
902 886 969 940 qui
1010 884 1279 937 reputaverit,
1323 892 1487 936 quanta
1514 885 1776 925 admiratione
1819 884 2046 937 Xenophon
2086 887 2293 948 amplexus
2326 886 2379 925 s'it

333 956 501 1009 Cyrum.
529 968 580 984 -·—
634 952 726 992 Nec
753 950 882 1004 magis
908 949 1001 990 mihi
1028 948 1229 1002 probasti,
1267 947 1376 1001 quod
1404 962 1489 1000 cap.
1517 948 1572 989 ΙΙ.
1600 949 1761 997 init,‘si
1792 948 2016 1000 Xenophon
2045 950 2227 989 convivio
2254 950 2379 988 inter-

332 1019 493 1065 fuisset,
529 1016 761 1055 necessario
798 1027 875 1067 pro·
906 1011 1050 1060 αὐτοῖς
1085 1011 1234 1065 requiri
1270 1010 1477 1050 contendis
1511 1010 1612 1062 ἡμῖν
1654 1011 1815 1065 ἔρχεται
1848 1013 1912 1052 im
1944 1012 2081 1064 κῶμον
2115 1010 2378 1065 Συρακόσιος

331 1080 584 1133 ἄνθρωπος,
620 1093 696 1119 nec
725 1077 911 1118 debuisse
939 1078 1222 1117 obmutescere
1248 1075 1360 1115 inter*
1379 1075 1705 1132 convivas'eum,
1742 1077 1810 1130 qui
1836 1067 1989 1130 aliquot
2010 1076 2123 1115 annis
2152 1083 2244 1116 ante
2271 1076 2379 1131 apud

333 1143 498 1189 Delium
532 1144 691 1184 sortiter
713 1136 952 1196 pugnasset.
1008 1141 1101 1194 Ego
1131 1147 1271 1181 contra
1296 1140 1481 1189 mirarer:
1503 1141 1536 1181 si
1564 1142 1792 1194 Xenophon
1819 1140 1882 1182 vel
1910 1141 2031 1180 aliter
2052 1141 2287 1193 scripsisset,
2315 1141 2379 1182 vel

334 1224 407 1258 ea,
444 1223 549 1263 quae
586 1208 688 1247 inter
717 1206 904 1247 convivas
938 1205 1022 1259 ipse
1059 1205 1216 1244 locutus
1245 1204 1396 1253 suerat,
1438 1204 1477 1245 in
1504 1204 1698 1258 scriptum
1732 1218 1857 1246 suum'
1885 1206 2117 1259 recepisset.
2170 1205 2248 1246 Est
2268 1204 2380 1246 enim

334 1274 438 1314 haee
465 1274 569 1312 inter
596 1277 757 1310 veteres
784 1275 828 1310 et
853 1270 1103 1309 recentiores
1129 1269 1345 1321 scriptores
1372 1268 1478 1309 haud
1513 1269 1674 1309 minima
1701 1270 1947 1319 differentia,
1984 1269 2093 1324 quod
2124 1281 2246 1323 quum
2273 1269 2381 1322 apud

334 1337 425 1379 illos
452 1349 520 1377 res
553 1335 665 1388 ipsae
700 1332 933 1387 loquantur,
974 1331 1081 1386 apud
1107 1330 1189 1389 *hos
1221 1332 1461 1384 scriptorem
1494 1333 1725 1386 loquentem
1754 1334 1947 1375 audimus.
1999 1333 2131 1379 Quam
2165 1334 2382 1387 egregiam

335 1401 525 1440 virtutem
554 1412 635 1452 quo
671 1398 828 1437 facilius
861 1402 1191 1450 assequerentur,
1225 1395 1251 1434 ii
1286 1396 1523 1449 scriptores,
1558 1397 1626 1450 qui
1660 1411 1751 1437 suas
1785 1398 1956 1451 ipsi‘res
1991 1403 2130 1449 gestas
2163 1397 2380 1437 memoriae

337 1463 621 1518 prodiderunt,
650 1460 872 1514 nunquam,
900 1459 1010 1512 quod
1039 1459 1181 1507 sciam,
1211 1459 1338 1512 prima
1371 1470 1558 1512 persona,
1587 1467 1631 1501 ut
1664 1461 1776 1515 ajunt
1802 1461 2074 1515 grammatici,
2108 1461 2159 1501 de
2185 1475 2229 1501 se
2257 1461 2382 1501 locuti

336 1536 447 1574 sunt,
477 1527 550 1568 sed
579 1524 807 1579 Xenophon
835 1524 886 1564 de
915 1524 1205 1576 Xenophonte,
1235 1524 1471 1564 Caesarde
1499 1525 1691 1565 Caesare.
1745 1526 1879 1566 Instar
1912 1526 2085 1565 omnium
2120 1525 2382 1566 luculentissi-

335 1605 443 1633 mum
473 1589 571 1631 illud
600 1588 828 1642 exemplum
856 1599 978 1641 pono,
1006 1586 1115 1640 quod
1144 1587 1268 1627 Anah.
1296 1587 1378 1636 111,
1408 1589 1443 1637 1,
1471 1589 1496 1629 4
1523 1588 1686 1642 legitur,
1715 1589 1782 1629 ubi
1811 1588 2036 1641 Xenophon
2064 1602 2127 1629 res
2156 1588 2330 1642 egregie
2357 1597 2382 1628 a

335 1670 381 1697 se
403 1661 543 1708 gestas
570 1659 804 1692 narraturus
825 1652 964 1704 incipit
988 1652 1038 1690 ab
1064 1650 1122 1689 his
1146 1651 1298 1690 verbis:
1338 1644 1391 1698 ἦν
1417 1652 1464 1690 δέ
1489 1666 1552 1698 τις
1583 1652 1625 1690 ἐν
1652 1653 1702 1707 τῇ
1728 1653 1906 1706 στρατιᾷ
1935 1652 2131 1706 Ξενοφῶν
2150 1651 2382 1701 Ἀθηναῖος

336 1735 370 1759 κ.
400 1735 432 1759 τ.
459 1719 495 1757 λ.
537 1716 684 1757 Similis
713 1713 912 1768 quaedam
937 1720 998 1754 est
1025 1713 1143 1766 hujus
1171 1714 1310 1766 scripti
1339 1714 1536 1755 condicio.
1578 1715 1725 1768 Itaque
1752 1723 1965 1769 postquam
1991 1715 2122 1755 statim
2139 1716 2272 1766 initio,
2300 1729 2381 1769 quo

336 1782 532 1837 majorem
561 1780 780 1820 narrationi
807 1791 905 1818 suae
932 1777 1055 1817 fidem
1093 1777 1265 1825 faceret,
1304 1777 1383 1819 hoc
1410 1777 1571 1828 extulit,
1607 1786 1860 1832 praesentem
1886 1793 1929 1820 se
1957 1779 2059 1820 haec
2086 1780 2217 1820 omnia
2251 1780 2381 1833 ipsum

337 1854 382 1887 et
411 1845 554 1885 vidisse
583 1850 625 1883 et
651 1842 873 1889 audivisse,
901 1842 986 1895 jam
1015 1841 1054 1881 in
1081 1842 1342 1895 sequentibus
1369 1842 1517 1882 nullam
1540 1842 1601 1882 sui
1622 1843 1862 1884 mentionem
1891 1843 2005 1892 facit,
2032 1857 2177 1897 neque,
2204 1843 2246 1884 id
2273 1843 2384 1897 quod

338 1911 403 1951 vel
441 1909 612 1950 maxime
648 1907 769 1947 decet
804 1906 1034 1957 elegantem
1070 1905 1266 1954 Atticum,
1303 1919 1350 1945 ea
1378 1913 1689 1955 commemorat,
1724 1907 1915 1960 qnae'ad
1946 1908 2175 1960 augendam
2214 1909 2383 1948 convivii

338 1974 582 2016 hilaritatem
624 1971 708 2024 ipse
742 1968 967 2011 contulerit.
1028 1969 1214 2023 Eamque
1250 1969 1302 2009 ob
1338 1982 1501 2010 causam
1537 1971 1600 2011 vix
1635 1971 1859 2023 putaverim
1892 1972 1965 2012 sub
2000 1971 2048 2012 iis
2083 1973 2235 2021 verbis,
2276 1981 2382 2026 quae

340 2052 429 2091 cap.
445 2037 526 2085 111,
555 2035 605 2076 12
633 2041 674 2074 et
702 2035 752 2075 13
778 2035 981 2086 leguntur,
1010 2033 1131 2085 ipsius
1147 2032 1425 2086 Xenophontis
1454 2045 1666 2086 personam
1693 2033 1833 2082 latere,
1860 2040 1906 2075 ut
1933 2035 2141 2089 probabile
2169 2036 2295 2077 visum
2323 2044 2384 2078 est

338 2102 519 2155 Sauppio
549 2102 627 2152 ⁴¹),
655 2099 723 2152 qui
751 2097 859 2152 quod
884 2097 1058 2149 alioquin
1087 2111 1210 2149 quum
1237 2096 1312 2137 hac
1339 2097 1391 2138 de
1418 2111 1482 2146 re,
1509 2104 1594 2138 tum
1622 2098 1674 2138 de
1700 2100 1886 2140 universo
1914 2100 2190 2155 Xenophontis
2217 2102 2381 2142 consilio

339 2180 502 2222 prorsus
528 2178 687 2205 mecum
715 2163 922 2212 consentit,
951 2162 1118 2203 mirifice
1146 2161 1285 2202 laetor.
1310 2185 1362 2192 —
1401 2162 1522 2208 Quod
1550 2162 1723 2217 denique
1738 2177 1775 2216 p.
1792 2165 1840 2204 16
1859 2164 1940 2204 init.
1963 2165 2077 2217 pbsui
2100 2173 2383 2218 argumentum

340 2237 404 2271 sat
431 2228 566 2281 lepide
581 2229 648 2268 'ru
676 2227 840 2280 quidem
867 2227 1093 2279 impugnas,
1121 2225 1194 2265 sed
1221 2239 1352 2278 neque
1371 2225 1685 2267 Wielandianam
1712 2241 1844 2281 neque
1872 2241 2002 2268 meam
2029 2230 2267 2269 sententiam
2294 2243 2384 2282 per-

339 2293 516 2347 spexisti.
571 2292 715 2344 Neque
745 2291 848 2330 enim
877 2289 1036 2329 locutus
1058 2302 1144 2328 sum
1167 2288 1218 2328 de
1236 2288 1420 2341 formula
1441 2289 1507 2328 illa
1529 2282 1650 2337 οὗτος
1669 2294 1745 2342 μὲν
1765 2292 1816 2340 δὴ
1839 2290 1862 2331 ὁ
1886 2290 2006 2343 λόγος
2027 2293 2219 2332 ἐνταῦθα
2242 2292 2382 2342 ἔληξεν

340 2356 467 2398 semel
504 2355 565 2395 vel
605 2356 662 2394 bis
697 2355 735 2394 in
764 2353 960 2393 Convivio
991 2352 1265 2405 Xenophontis
1300 2353 1447 2405 posita,
1488 2354 1561 2393 sed
1586 2353 1637 2394 de
1663 2355 1996 2408 frequentissimo
2029 2358 2117 2409 ejus
2152 2372 2235 2397 usu.
2286 2359 2383 2398 Hoc

337 2422 465 2475 igitur
491 2419 789 2472 significabam:
818 2417 850 2457 si
867 2415 1095 2468 Xenophon
1122 2416 1254 2456 omnia
1279 2431 1354 2470 pro
1382 2431 1455 2457 suo
1479 2418 1643 2458 arbitrio
1657 2419 1853 2469 finxisset,
1881 2422 2033 2474 majore
2059 2436 2152 2462 eum
2179 2429 2266 2462 arte
2297 2437 2384 2463 usu-

340 2499 449 2533 rum,
477 2491 520 2524 et
546 2483 727 2536 singulas
755 2480 991 2522 narrationis
1019 2486 1152 2533 partes
1181 2480 1434 2533 elegantiore
1461 2496 1568 2523 nexu
1597 2483 1699 2523 inter
1725 2497 1770 2523 se
1799 2483 2107 2537 conjuncturum
2128 2486 2274 2536 suisse;
2309 2487 2384 2528 sed

340 2661 446 2694 licebit
468 2662 507 2692 «le
528 2661 718 2701 Amphipoli,
744 2661 865 2692 colonis
887 2660 1141 2701 Atheniensium,
1165 2662 1316 2704 cogitare,
1348 2662 1401 2695 ubi
1429 2672 1491 2694 non
1516 2663 1561 2695 itu
1586 2673 1702 2706 pancos
1726 2665 1967 2699 Atheniensium
1988 2667 2212 2709 possessiones
2234 2669 2385 2703 habuisse

340 2717 500 2758 probabile
522 2715 599 2747 est?
622 2717 683 2757 (cf.
707 2717 808 2747 Thuc.
833 2717 889 2755 lV,
916 2716 976 2747 10³
997 2716 1087 2757 sqq.)
1110 2720 1218 2759 Neque
1241 2729 1374 2750 necesse
1398 2722 1448 2749 est
1468 2717 1508 2750 τά
1529 2716 1688 2763 ὑπερορία
1711 2731 1816 2761 cyro:
1839 2722 1982 2761 intelligi,
2006 2733 2077 2753 nun
2100 2729 2183 2755 eune
2208 2725 2286 2763 seru
2310 2728 2386 2767 ayn·

341 2773 405 2804 vel
419 2771 760 2812 possen-‘onos
784 2768 1003 2811 (κτήματα)
1028 2776 1137 2802 extra
1161 2772 1296 2804 Atticae
1318 2774 1408 2812 fines
1430 2774 1522 2804 sicae
1545 2773 1607 2814 (cf.
1631 2776 1756 2815 Sauppe
1777 2775 1817 2806 ud
1838 2776 1870 2806 h.
1894 2775 1940 2816 l.)
1972 2778 2070 2808 Recte
2091 2777 2187 2817 igitur
2207 2780 2262 2810 Fr.
2286 2780 2386 2814 Vater

342 2825 375 2858 iu
397 2828 437 2857 N.
450 2825 652 2857 Jahrbneher
673 2825 694 2856 ι’.
708 2825 789 2857 Phil.
813 2835 845 2856 u.
870 2826 990 2866 Psdng.
1022 2835 1054 2857 ν.
1078 2826 1164 2857 Jahn
1187 2836 1218 2858 u.
1242 2828 1334 2859 Klots
1357 2829 1421 2867 IX,
1444 2839 1475 2869 p.
1497 2827 1556 2859 6³2
1598 2838 1661 2861 neo
1681 2830 1718 2861 id
1741 2831 1848 2871 plane
1877 2831 2080 2864 incredibile
2111 2837 2169 2864 ut
2191 2831 2386 2869 Clo-milis

340 2879 387 2913 ni
408 2878 612 2925 ὗπερορία
633 2880 674 2911 ab
698 2881 858 2912 hostibus
880 2886 1045 2923 occupata
1069 2889 1151 2913 oue
1179 2881 1233 2912 01.
1253 2881 1315 2923 89,
1338 2882 1376 2923 8,
1409 2884 1488 2924 quin
1509 2884 1572 2915 illo
1597 2887 1748 2925 tenpore
1775 2885 1958 2919 Thu-seim
1977 2887 2387 2922 out-vunnema-

341 2936 394 2977 ⁸1)
414 2936 450 2967 in
468 2936 612 2976 prolegg.
636 2935 896 2976 elegantissimae
918 2937 993 2970 edit.
1016 2937 1124 2976 cuv.-
1143 2936 1233 2967 Hier.
1257 2937 1413 2976 Agesilai.
1436 2938 1574 2969 Helmst.
1599 2937 1691 2971 1841.
