2632 3469
267 388 362 427 vitio
391 383 485 424 mibi
523 379 760 421 vertendum
798 392 905 424 esse,
940 376 1050 430 quod
1083 388 1160 427 ego
1191 388 1344 427 negare
1376 377 1637 417 erastinuerini
1677 376 1784 431 quod
1816 378 1855 416 et
1889 375 2127 417 doctissimis
2158 377 2329 419 omniun

267 456 486 503 temporum
529 445 753 486 hominibus
792 445 915 482 visum
955 441 1031 488 sit,
1085 442 1123 479 et
1167 452 1280 479 nenio
1313 441 1408 479 ante
1441 452 1503 481 sne
1538 442 1756 494 negat-erit
1838 439 1960 486 Quod
2001 440 2033 480 si
2074 439 2213 480 vitium
2253 446 2329 490 est,

268 525 414 553 vereor
448 517 493 550 ut
526 509 638 549 Tute
676 508 769 560 Ipse
796 511 909 544 recta
938 502 998 541 via
1028 501 1079 541 ad
1108 509 1258 542 tantam
1284 501 1457 555 gloriam
1486 506 1697 556 grasseris„
1726 503 1794 557 qui
1821 503 1927 544 haud
1950 504 2035 544 scio
2062 518 2112 544 an
2139 518 2219 544 non
2251 504 2332 544 alia

268 592 314 617 re
358 576 490 627 magis
533 587 652 625 quam
695 576 737 610 et
778 582 879 608 nova
927 566 1167 606 inveniendo
1212 573 1253 606 et
1298 573 1434 607 vetera
1470 567 1755 608 labefactando
1793 574 1916 620 atque
1950 567 2216 609 convellendo
2249 575 2331 609 tam

268 654 460 694 magnam
488 637 608 691 inque
637 635 720 675 dies
748 631 941 689 majorem
971 630 1067 674 'ribi
1093 629 1256 679 laudem
1276 630 1429 686 ,parissi
1458 653 1511 664 -
1546 629 1634 682 Sed
1670 636 1760 683 utut
1780 628 1898 684 Jiaec
1931 644 1997 672 res
2032 646 2076 672 se
2103 630 2238 681 babet,
2267 637 2331 673 est

269 719 366 744 sane
394 703 520 742 levior
547 714 622 739 nec
648 697 806 736 omnino
836 694 1084 734 conferenda
1113 709 1205 734 cum
1241 694 1357 734 tertio
1391 694 1468 734 isto
1505 697 1587 735 irae
1623 703 1743 748 atque
1775 695 1893 735 studii
1935 695 2102 744 indicio,
2143 695 2253 748 quod
2289 696 2330 736 in

272 768 409 810 libello
431 766 524 807 Tuo
556 777 633 803 non
661 760 788 803 semel
817 759 1031 815 protulisse
1046 759 1111 800 Te
1139 757 1485 799 vehementissime
1514 759 1646 800 doleo.
1688 759 1865 800 Tametsi
1895 759 2000 800 enim
2023 760 2119 814 Ipse
2141 773 2270 814 negas
2285 761 2329 813 ³)

271 834 338 874 'l'e
367 830 541 870 libellum
571 840 702 866 meum
719 826 762 877 4)
792 825 844 864 ad
873 824 1212 863 obtrectationem
1236 830 1278 862 et
1304 823 1490 863 invidiam
1521 825 1700 872 referre,
1741 831 1873 863 tamen
1910 824 2130 865 identidem
2165 838 2229 864 me
2265 824 2329 864 vel

272 897 443 938 noluisse
471 892 709 933 sententiam
740 890 873 930 Tuam
901 888 1075 941 assequi,
1103 889 1166 928 vel
1197 902 1274 928 non
1302 886 1451 939 optima
1478 886 1559 928 fide
1587 888 1740 941 egisse,
1770 887 1832 928 vel
1867 888 1990 928 verba
2017 888 2112 929 'I'ua
2144 888 2183 929 in
2211 887 2330 929 aliam

273 957 507 1001 sententiam
544 954 762 995 detorsisse
798 951 1028 991 criminaris.
1088 951 1204 996 Quae
1242 950 1330 990 vide
1364 964 1413 989 ne
1450 950 1553 990 inter
1586 965 1676 991 sese
1719 952 1804 1004 ipsa
1843 957 2091 1004 repugnent;
2132 964 2224 991 nam
2259 952 2330 1004 qui

272 1029 407 1076 potest
433 1020 533 1067 fieri,
563 1026 608 1058 ut
634 1019 688 1057 ita
724 1016 792 1069 qui
826 1023 925 1068 agat
958 1016 1116 1054 sincero
1153 1015 1284 1055 animo
1321 1028 1457 1054 verum
1494 1015 1738 1067 investiget?
1804 1016 1894 1055 Nae
1928 1023 2036 1055 esset
2069 1015 2146 1055 ista
2180 1015 2330 1068 agendi

270 1086 374 1128 ratio
404 1099 526 1140 quum
549 1081 654 1122 omni
677 1080 835 1121 homine
859 1077 909 1118 ad
932 1077 1219 1118 humanitatem
1248 1076 1421 1127 exculto,
1449 1083 1534 1118 tum
1558 1078 1728 1118 maxime
1748 1085 2018 1133 praeceptore
2041 1077 2329 1133 indignissima,

272 1153 340 1205 qui
368 1148 571 1201 discipulis
600 1147 754 1185 virtutis
791 1145 891 1193 viam
918 1143 1104 1198 praeite,
1124 1157 1223 1185 mon.
1253 1142 1406 1185 fraudis
1446 1157 1496 1183 ac
1537 1143 1723 1183 fallaciae
1763 1151 1909 1192 auctor
1928 1143 2123 1196 exista-'e
2164 1144 2329 1184 debeat.

271 1217 426 1257 Errare
454 1220 590 1253 autem
618 1210 854 1256 humanum;
883 1222 1008 1260 quare
1036 1207 1070 1247 si
1096 1207 1192 1248 nihil
1217 1207 1327 1259 alind
1352 1208 1427 1248 nisi
1454 1222 1637 1249 errorum
1666 1223 1732 1250 me
1760 1208 2043 1258 insimulasset.
2069 1207 2330 1256 libentissimo

273 1279 361 1335 ejus
387 1276 447 1319 rei
468 1274 666 1331 judicium
694 1285 821 1327 penes
849 1270 949 1312 alios
971 1284 1059 1311 esse
1076 1269 1273 1320 sivissem;
1301 1283 1408 1313 nunc
1428 1284 1525 1312 vero
1546 1270 1578 1312 si
1601 1271 1750 1314 diutius
1776 1278 1968 1322 tacerem,
1987 1285 2086 1317 sane
2105 1270 2332 1326 periculum

274 1348 398 1391 esset,
424 1355 475 1381 ne
502 1337 676 1380 tacendo
705 1336 887 1377 confiteri
915 1335 1086 1376 viderer.
1133 1336 1205 1378 ‘Eu
1233 1335 1359 1389 igitur
1385 1343 1615 1388 exoptatam
1653 1337 1962 1389 programmatis
1997 1336 2109 1390 quod
2142 1350 2333 1377 vocamus

273 1404 477 1446 scribendi
512 1402 768 1442 occasionem
801 1407 942 1440 nactus
969 1399 1082 1438 mitto
1111 1399 1227 1448 Tibi,
1259 1399 1327 1439 Vir
1350 1399 1638 1449 illustrissime,
1672 1400 1885 1452 epistolam
1918 1399 2253 1451 criticamldicam
2281 1412 2332 1443 aa

275 1466 597 1523 apologeticam3
638 1473 855 1517 utrumque
896 1463 1002 1504 enim
1038 1477 1187 1504 nomen
1229 1462 1270 1504 in
1308 1477 1396 1513 eam
1437 1463 1641 1511 convenit:
1684 1463 1758 1506 sed
1800 1463 1832 1504 si
1866 1478 1917 1505 ex
1951 1478 2002 1507 ea
2035 1469 2151 1518 parte
2187 1478 2332 1512 nomen

275 1531 518 1578 ducendum,
551 1543 656 1584 quae
693 1528 790 1568 mihi
824 1526 987 1581 quidem
1023 1526 1148 1580 longe
1184 1527 1318 1581 potior
1351 1526 1529 1577 videtur,
1570 1527 1664 1567 nihil
1705 1527 1980 1577 dubitandum,
2021 1528 2115 1581 quin
2147 1527 2228 1568 hoc
2262 1527 2331 1570 illo

274 1597 402 1638 multo
431 1595 483 1634 sit
510 1594 657 1647 aptius.
712 1593 857 1643 ltaque
886 1591 1007 1631 etiam
1035 1598 1157 1643 atque
1185 1592 1306 1632 etiam
1341 1598 1533 1644 rogatum
1561 1592 1626 1633 'I'e
1653 1592 1766 1641 volo,
1802 1598 1847 1633 nt
1880 1597 1923 1631 et
1954 1591 2180 1632 defensioni
2213 1605 2331 1634 meae

275 1666 318 1699 et
339 1660 400 1706 iis
428 1672 533 1710 quae
556 1671 629 1709 pro
651 1669 744 1696 mea
769 1654 967 1694 sententia
995 1667 1116 1706 posse
1143 1654 1238 1694 mibi
1264 1654 1416 1697 afferre
1440 1653 1590 1702 videor,
1619 1654 1832 1695 benevolas
1852 1666 1972 1693 aures
1990 1653 2200 1705 praebeas,
2222 1651 2333 1706 quod

276 1724 310 1764 si
337 1738 362 1763 a
389 1722 455 1763 're
483 1721 766 1774 impetravero,
797 1717 917 1758 facile
944 1724 986 1757 et
1013 1716 1091 1757 hoc
1118 1715 1336 1767 intelliges,
1364 1730 1444 1758 non
1465 1716 1591 1757 suisse
1616 1730 1689 1757 cur
1706 1715 1829 1757 fidem
1851 1728 1983 1758 meam
2004 1714 2044 1757 in
2063 1715 2333 1774 suspicionem

275 1799 459 1835 vocares,
487 1790 530 1826 et
557 1784 670 1825 litem
696 1783 806 1823 illam
833 1794 858 1821 a
886 1780 952 1822 're
980 1779 1213 1833 neutiquam
1241 1792 1332 1820 esse
1360 1779 1583 1821 diremtam.

486 1849 632 1901 Itaque
660 1853 705 1887 ut
732 1845 868 1886 ordiar
897 1845 947 1884 ab
977 1858 1040 1894 eo,
1070 1843 1179 1898 quod
1195 1843 1261 1884 'ru
1289 1844 1463 1897 primum
1489 1845 1671 1898 posuisti,
1699 1858 1763 1886 me
1791 1843 1843 1884 de
1871 1843 2035 1884 consilio
2055 1843 2332 1899 Xenophontis

275 1917 317 1956 in
343 1914 538 1955 Convivio
567 1927 639 1951 suo
669 1908 961 1950 conscribendo
989 1908 1129 1949 salsam
1157 1907 1253 1948 Tibi
1282 1908 1522 1955 sententiam
1551 1909 1829 1961 supposuisse.
1856 1906 2022 1959 gaudeo
2050 1907 2241 1960 equidem
2269 1908 2332 1962 vel

276 1979 473 2026 maxime,
509 1975 619 2030 quod
649 1975 726 2017 hac
757 1974 809 2015 de
836 1987 881 2013 re
910 1971 1074 2014 multo
1056 1986 1141 2026 Jam
1169 1971 1311 2013 melius
1338 1971 1441 2013 inter
1467 1986 1539 2012 nos
1568 1971 1771 2021 convenit,
1803 1971 1878 2013 sed
1902 1994 1949 2001 —-
1978 1970 2194 2017 dicendum
2226 1973 2333 2026 enim

278 2041 389 2097 quod
417 2041 546 2080 sentio
574 2063 620 2068 —
649 2041 771 2078 antea
808 2037 848 2079 T
844 2052 865 2076 e
900 2039 943 2076 in
970 2036 1108 2075 eadem
1142 2037 1344 2076 sententia
1369 2035 1519 2086 fuisse,
1552 2050 1634 2075 non
1657 2049 1823 2088 possunt
1852 2036 1950 2088 quin
1979 2049 2147 2087 prorsus
2179 2050 2333 2090 negem.

276 2106 381 2151 Quis
411 2112 474 2144 est
502 2103 627 2151 enim,
664 2101 732 2155 qui
759 2100 827 2141 ubi
864 2100 967 2140 haec
1002 2099 1154 2151 legerit
1181 2101 1244 2150 ⁵):
1280 2101 1401 2153 atque
1427 2100 1641 2140 Platonem
1668 2099 1931 2151 Xenophonti
1955 2100 2184 2141 Commu-⁸
2215 2114 2332 2142 suun

277 2170 506 2225 opposuisse
518 2168 615 2221 jam
643 2164 757 2220 apud
786 2165 973 2218 antiquos
1008 2162 1202 2204 creditum
1236 2176 1322 2204 esse
1356 2162 1545 2211 videtur‚·
1586 2162 1655 2217 qui
1678 2176 1793 2218 quum
1818 2162 1975 2204 omnino
2003 2163 2046 2204 in
2071 2176 2120 2204 ea
2146 2165 2334 2219 opinione

277 2237 427 2283 essent,
455 2234 497 2272 ut
527 2232 740 2273 Platonem
766 2232 806 2269 et
820 2229 1121 2281 Xenophontem
1148 2228 1395 2269 obtrectasse
1422 2229 1530 2268 inter
1555 2241 1598 2267 se
1622 2230 1834 2280 putarent,
1856 2241 1997 2279 *ornnes
2022 2228 2130 2269 locos
2153 2229 2334 2272 studim

277 2298 549 2344 rimabantur,
577 2297 648 2336 ubi
672 2295 780 2336 alter
813 2294 984 2334 alterum
1009 2293 1199 2343 tetigisse
1224 2291 1452 2345 occultaque
1478 2291 1784 2345 reprehensione
1805 2294 1971 2344 petiisse
1990 2292 2219 2339 videretun
2246 2308 2334 2345 neq

278 2362 501 2417 quamvis
525 2360 744 2413 plurima
771 2358 880 2408 ejus
906 2356 1195 2401 simultatis
1221 2357 1538 2408 argumenta,
1566 2369 1687 2408 quae
1712 2356 2011 2397 velaliunde
2029 2355 2186 2405 velex
2205 2358 2333 2410 ipsis

280 2439 441 2467 eorum
460 2422 729 2465 conviviis
751 2419 1071 2473 asseruntur,
1096 2420 1349 2460 admodum
1371 2419 1501 2460 levia
1523 2419 1738 2471 adeoque
1768 2420 1992 2460 ridicula
2012 2422 2136 2468 sint,
2158 2423 2336 2473 negari

272 2492 445 2544 potest
481 2487 721 2528 Convivia
755 2487 893 2525 certe
929 2485 977 2523 in
1008 2485 1273 2524 nonnullis
1307 2483 1430 2523 adso
1469 2483 1572 2522 sibi
1604 2486 1989 2525 contrarietate
2021 2485 2192 2537 aliqua
2228 2499 2334 2526 con

280 2567 474 2608 gruere,
502 2554 553 2591 ut
581 2547 858 2601 manifesta
884 2548 1243 2589 aemulationes
1269 2548 1492 2599 vestigia
1519 2550 1834 2604 contineant
1862 2549 1949 2604 quis
1971 2555 2046 2597 est,
2075 2549 2246 2601 inquam,
2264 2549 2333 2603 qui

281 2620 356 2660 ista
379 2616 579 2669 intelligat
600 2614 651 2655 de
672 2613 934 2654 aemulatione
954 2611 1057 2652 bona
1079 2615 1119 2653 et
1142 2611 1345 2661 laudabili,
1367 2626 1444 2666 qua
1465 2613 1629 2665 quisque
1642 2614 1861 2665 quantum
1842 2627 1884 2653 m
1898 2613 2026 2654 si'’rnnlae
2035 2626 2157 2653 causa
2169 2611 2334 2666 efficere

279 2684 413 2736 possit
439 2679 702 2733 experimur?
743 2680 825 2716 Aut
850 2677 935 2729 ipse
964 2676 1059 2715 nihil
1088 2675 1285 2728 intelligo,
1311 2682 1380 2715 aut
1401 2689 1520 2715 nemo
1543 2675 1610 2715 illa
1632 2676 1705 2715 isto
1727 2676 1846 2716 modo
1875 2676 2214 2730 interpretabitur,
2242 2690 2334 2718 nam

280 2746 409 2787 omnis
444 2743 635 2784 orationis
670 2740 920 2797 perpetuitas
953 2739 1207 2792 apertissime
1243 2739 1421 2781 ostendit
1447 2740 1533 2790 Te,
1576 2738 1645 2779 illa
1681 2753 1805 2793 quum
1835 2741 2053 2791 scriberes,
2093 2740 2334 2783 vocabulum

484 2909 521 2953 ³)
543 2920 575 2953 p.
601 2908 617 2942 l
642 2913 674 2942 et
694 2921 724 2952 p.
746 2909 769 2943 2
790 2909 859 2943 init.
888 2926 932 2935 -
972 2909 1007 2952 ⁴)
1029 2908 1224 2943 Dissertatio
1247 2908 1285 2942 ds
1307 2908 1439 2942 oonsilio
1465 2909 1498 2941 et
1519 2910 1589 2941 arte
1615 2908 1718 2942 σοιν.
1746 2905 1891 2952 Xenoph.
1922 2910 2055 2954 ejusque
2078 2917 2149 2944 οιιι
2171 2909 2333 2945 msto-ies

279 2966 528 2998 necessitudine.
572 2966 738 3006 Flenopoli
760 2966 853 2998 1810.
898 2967 1028 2999 Pro-tat
1049 2966 1186 2997 Altum
1208 2975 1258 3006 sp.
1281 2965 1323 2996 K.
1348 2967 1430 2996 Ass.
1449 2980 1493 2988 -
1535 2964 1570 3004 ⁶)
1592 2964 1687 3006 prior.
1719 2965 1848 2998 dissert.
1871 2966 1959 2998 ruso
1985 2976 2017 3006 p.
2039 2967 2100 2998 lv.
